1956 3138
118 590 137 620 5

167 138 217 187 Χ
242 153 267 186 2
275 134 326 205 5]
699 137 953 187 BALBO
1006 137 1295 187 ORATIO.
1768 151 1828 197 29

165 244 309 296 liensi
343 254 722 311 propugnatore,
749 255 911 296 careat
937 247 1202 307 Gaditano,
1229 253 1388 294 careat
1424 244 1707 308 Saguntino,
1733 253 1828 302 aut,

165 325 205 375 si
229 325 337 390 quis
361 341 423 375 ex
445 326 515 376 eis
549 325 744 390 populis
778 325 837 374 sit
869 335 1065 374 exortus
1107 325 1192 388 qui
1232 336 1424 374 nostros
1462 326 1613 373 duces
1651 322 1831 371 auxilio

161 404 356 463 laboris,
405 413 710 454 commeatus
755 404 973 467 periculo
1032 421 1118 453 suo
1166 403 1351 463 iuverit,
1401 402 1486 466 qui
1532 419 1645 450 curn
1690 402 1831 450 hoste

162 493 331 534 nostro
356 485 631 535 comminus
654 484 706 533 in
739 484 844 534 acie
879 501 1027 548 saepe
1062 485 1302 549 pugnarit,
1330 484 1414 548 qui
1451 501 1502 533 se
1538 499 1684 546 saepe
1721 482 1830 530 telis

161 565 391 627 hostium,
418 566 502 630 qui
543 564 846 616 dimicationi
887 566 1073 629 capitis,
1101 565 1186 628 qui
1226 565 1370 614 morti
1411 564 1658 624 obiecerit,
1697 565 1832 612 nulla

163 647 458 697 condicione
502 647 662 716 huius
682 646 889 695 civitatis
929 647 1157 710 praemiis
1204 646 1332 695 affici
1372 645 1565 709 possit?
1632 644 1830 694 Etenim
1855 645 1920 693 24

161 727 213 776 in
236 729 476 792 populum
506 730 792 777 Romanum
829 734 974 790 grave
1001 737 1086 788 est,
1113 743 1215 776 non
1240 744 1386 790 posse
1412 724 1483 775 siti
1508 725 1652 775 sociis
1677 727 1831 775 excel-

160 807 281 857 lenti
303 807 479 858 virtute
514 808 761 872 praeditis,
788 809 872 872 qui
912 808 1063 857 velint
1100 824 1214 856 cum
1255 807 1481 870 periculis
1523 805 1699 855 nostris
1740 822 1828 854 sua

163 888 550 938 communicare:
586 888 639 937 in
674 889 836 938 socios
863 905 979 937 vero
1012 887 1145 951 ipsos
1170 897 1219 937 et
1249 888 1299 936 in
1323 904 1409 937 eos
1442 889 1504 936 de
1530 887 1707 950 quibus
1734 886 1831 949 agi-

94 994 135 1016 10
157 984 279 1028 mus,
306 969 598 1030 foederatos,
624 969 910 1019 iniuriosum
944 978 992 1018 et
1033 968 1443 1018 contumeliosum
1479 977 1553 1017 est
1589 968 1658 1016 eis
1695 984 1830 1031 prae-

93 1397 132 1428 15

90 1801 131 1824 20

87 2204 127 2236 2⁵

162 1047 274 1097 miis
297 1057 348 1098 et
371 1048 441 1098 eis
465 1049 734 1098 honoribus
759 1051 982 1099 exclusos
1007 1065 1112 1097 esse
1136 1048 1444 1098 fidelissimos
1465 1057 1513 1097 et
1536 1047 1830 1096 coniunctis-

159 1127 310 1178 simos
345 1129 519 1190 Socim,
559 1146 685 1193 quae
731 1139 931 1193 pateant
979 1129 1316 1192 stipendiariiS,
1352 1138 1552 1192 pateant
1586 1129 1824 1188 hostibu5‚

157 1220 359 1274 pateant
394 1228 539 1275 saepe
585 1212 745 1261 servis,
819 1214 951 1261 Nam
986 1211 1329 1274 stipendiarios
1365 1227 1425 1260 ex
1460 1210 1625 1258 Africa
1664 1210 1828 1259 Sicilia

158 1291 381 1341 Sardinia
415 1279 589 1342 ceteris
626 1292 888 1356 provinciis
926 1295 1107 1343 multos
1139 1292 1333 1341 civitate
1364 1293 1574 1340 donatos
1605 1291 1827 1340 videmus

157 1378 218 1433 et,
245 1372 330 1436 qui
360 1374 526 1422 hostes
550 1374 614 1422 ad
638 1382 832 1423 nostros
862 1373 1177 1436 imperatores
1207 1372 1527 1436 perfugissent
1563 1381 1613 1420 et
1646 1388 1826 1434 magno

156 1452 267 1502 usui
320 1453 390 1503 rei
446 1454 673 1517 publicae
719 1464 914 1504 nostrae
961 1454 1180 1513 fuissent,
1228 1453 1408 1502 scimus
1466 1453 1661 1502 civitate
1719 1470 1824 1502 esse

156 1533 366 1584 donatos
381 1551 396 1596 3
432 1552 596 1585 servos
637 1535 866 1599 denique,
900 1552 1109 1599 quorum
1149 1535 1224 1584 ius
1259 1537 1455 1584 fortuna
1490 1533 1720 1583 condicio
1755 1534 1825 1583 in-

153 1614 271 1663 fima
302 1623 387 1676 est,
415 1616 542 1665 bene
580 1617 643 1665 de
679 1632 731 1665 re
767 1615 964 1679 publica
993 1615 1191 1664 meritos
1229 1631 1464 1679 persaepe
1501 1615 1737 1676 libertate,
1772 1615 1826 1664 id

156 1703 230 1744 est
253 1694 462 1763 civitate,
486 1697 686 1759 publice
710 1696 883 1746 donari
906 1696 1208 1746 videbamus,

253 1778 316 1825 X.
388 1778 540 1826 Hanc
572 1786 626 1827 tu
660 1777 818 1841 igitur,
843 1786 1050 1841 patrone
1074 1779 1329 1827 foederum
1363 1795 1422 1827 ac
1445 1778 1821 1838 foederatorum,
1850 1778 1912 1827 25

156 1856 504 1907 condicionem
545 1857 716 1907 statuis
759 1858 1031 1919 GaditaniS,
1074 1858 1170 1907 tuis
1212 1858 1414 1919 civibus,
1452 1867 1520 1919 ut,
1561 1860 1697 1922 quod
1739 1859 1822 1919 eiS,

157 1929 283 2001 quos
309 1938 480 2002 Magni
504 1938 650 1987 armis
673 1938 978 1988 adiutoribus
1003 1938 1098 1987 tuis
1131 1938 1415 2002 subegimus
1440 1948 1589 2002 atque
1620 1939 1671 1988 in
1708 1940 1825 1989 dici-

155 2034 304 2068 onem
328 2029 544 2068 nostram
568 2019 859 2084 redegimus,
886 2021 1012 2080 licet,
1040 2020 1080 2069 si
1111 2022 1323 2084 populus
1359 2023 1615 2069 Romanus
1648 2020 1824 2083 permi-

154 2099 282 2160 serit,
306 2108 362 2150 ut
392 2101 454 2151 ab
493 2109 678 2162 senatu,
710 2101 858 2151 etiam
897 2104 961 2151 ab
1002 2102 1373 2165 imperatoribus
1409 2103 1586 2151 nostris
1627 2101 1823 2151 civitate

151 2180 409 2243 donentur,
434 2180 486 2230 id
509 2198 573 2231 ne
595 2181 739 2230 liceat
767 2181 884 2245 ipsis
902 2184 925 2230 ?
995 2182 1094 2243 Qui
1119 2181 1158 2230 si
1196 2181 1294 2230 suis
1327 2181 1534 2231 decretis
1570 2182 1823 2246 legibusve

153 2262 439 2322 sanxissent,
459 2279 524 2312 ne
547 2262 657 2326 quis
676 2279 874 2312 suorum
898 2263 1077 2312 civium
1102 2272 1258 2312 castra
1280 2263 1628 2326 imperatorum
1652 2263 1824 2326 populi

155 2343 371 2392 Romani
394 2344 550 2406 iniret,
575 2360 638 2394 ne
664 2343 772 2407 quis
797 2360 849 2393 se
884 2361 973 2407 pro
1011 2353 1179 2393 nostro
1216 2343 1421 2406 imperio
1458 2344 1510 2392 in
1548 2343 1822 2407 periculum

153 2421 327 2486 capitis
349 2432 496 2487 atque
529 2423 580 2473 in
603 2425 733 2474 vitae
770 2425 1033 2474 discrimen
1076 2425 1285 2484 inferret,
1312 2424 1670 2474 Gaditanorum
1694 2424 1823 2473 auxi-

151 2502 242 2564 liis,
279 2519 393 2552 cum
426 2505 676 2565 vellemus,
710 2504 781 2554 uti
814 2505 958 2554 nobis
994 2505 1174 2565 liceret,
1200 2505 1413 2568 privatus
1447 2521 1564 2554 vero
1603 2521 1666 2554 ne
1713 2505 1821 2568 quis

85 2609 128 2640 30
150 2583 223 2632 vir
256 2593 306 2632 et
339 2584 504 2634 animo
544 2595 594 2635 et
629 2585 806 2635 virtute
843 2588 1144 2649 praecellens
1182 2602 1270 2648 pro
1306 2595 1475 2634 nostro
1516 2584 1719 2648 imperio
1759 2601 1844 2647 pe-

153 2663 308 2713 riculo
332 2680 422 2714 suo
446 2664 711 2726 dimicaret,
738 2665 946 2728 graviter
968 2665 1019 2713 id
1054 2664 1157 2713 iure
1181 2666 1428 2724 ferremuS‚
1455 2664 1610 2712 minui
1644 2663 1822 2712 auxilia

153 2743 327 2809 populi
374 2745 604 2806 Romani,
644 2745 887 2795 debilitari
933 2744 1126 2793 animos
1173 2743 1545 2793 fortissimorum
1590 2744 1818 2802 virorum,

151 2824 533 2890 alienigenarum
579 2842 671 2877 nos
712 2827 971 2877 hominum
1012 2826 1184 2876 studiis
1222 2834 1370 2889 atque
1406 2834 1610 2890 paterna
1645 2824 1820 2874 virtute
