1956 3138
155 131 291 180 v111
319 127 401 196 20]
691 129 944 178 BALBO
995 126 1282 177 ORATIO.
1759 139 1816 187 27

155 237 494 301 deprecandae
519 235 891 286 malevolentiae
923 252 1070 284 causa
1093 234 1305 284 breviter
1329 235 1821 283 commemorandum

153 318 358 368 videtur.
428 316 478 367 Si
519 333 618 380 quo
657 315 865 380 quisque
906 317 1019 364 loco
1061 324 1284 363 nostrum
1321 323 1408 374 est,
1443 314 1645 374 iudices,
1678 322 1822 362 natus

97 391 99 393 ¹
153 406 237 447 aut
277 397 318 447 si
357 396 408 446 in
449 413 547 460 qua
569 398 762 446 fortuna
799 404 872 445 est
913 394 1147 444 nascendi
1182 394 1321 444 initio
1356 394 1662 454 constitutus,
1689 395 1822 443 hunc

152 478 282 528 vitae
305 487 485 527 statum
509 493 665 540 usque
688 478 753 526 ad
777 485 1080 526 senectutem
1105 475 1325 539 optinere
1351 476 1552 525 deberet
1583 487 1630 524 et
1656 474 1696 524 si
1721 491 1822 524 om-

109 583 129 613 5
152 572 256 618 neS‚
283 573 408 620 quos
431 565 515 606 aut
538 558 733 606 fortuna
756 556 925 605 extulit
950 565 1034 604 aut
1057 555 1276 619 ipsorum
1311 554 1565 604 illustravit
1602 556 1741 604 labor
1772 564 1820 605 et

152 636 390 687 industria
427 653 590 701 poena
630 646 793 687 essent
830 637 1089 697 afficiendi,
1133 653 1235 686 non
1272 636 1460 700 gravior
1497 638 1551 684 L.
1589 636 1819 686 Cornelio

153 733 303 780 quam
326 717 491 766 multis
513 717 626 766 viris
649 717 793 767 bonis
826 726 973 780 atque
997 717 1200 766 fortibus
1231 716 1463 765 constitui
1497 717 1574 765 lex
1609 716 1738 765 vitae
1770 725 1820 765 et

150 796 380 846 condicio
416 796 690 846 videretur:
738 796 814 845 sin
853 805 1019 845 autem
1055 798 1323 845 multorum
1368 796 1519 845 virtus
1566 795 1817 859 ingenium

149 876 426 926 humanitas
460 893 521 927 ex
557 876 726 926 infimo
764 893 943 940 genere
980 886 1029 926 et
1065 877 1288 926 fortunae
1328 877 1482 940 gradu
1521 892 1624 926 non
1665 878 1817 926 modo

85 982 124 1003 ιο
147 955 386 1006 amicitias
412 965 460 1006 et
482 955 551 1006 rei
573 956 820 1005 familiaris
846 956 1015 1019 copias
1040 966 1306 1006 consecuta
1335 965 1422 1017 est,
1448 958 1536 1005 sed
1573 973 1815 1005 summam

147 1037 347 1085 laudem
381 1037 609 1096 honores,
635 1035 840 1099 gloriam
876 1035 1178 1098 dignitatem,
1204 1052 1306 1085 non
1342 1036 1573 1100 intellego
1611 1052 1697 1085 cur
1732 1053 1841 1100 po-*

147 1118 245 1167 tius
268 1111 458 1167 invidia*
469 1118 706 1167 violatura
718 1117 945 1166 virtutem
967 1119 1021 1165 L.
1042 1116 1240 1167 Corneli
1260 1133 1407 1179 quam
1424 1117 1643 1180 aequitas
1657 1122 1816 1166 vestra

147 1199 390 1262 pudorem
436 1197 539 1247 eius
585 1198 811 1247 adiutura
855 1197 1091 1246 videatur.
1180 1200 1370 1260 Itaque,
1420 1199 1556 1260 quod
1601 1197 1813 1246 maxime
1841 1199 1901 1246 19

146 1281 418 1343 petendum
441 1289 526 1339 est,
553 1296 583 1328 a
604 1279 743 1328 vobis
767 1279 950 1328 idcirco
974 1295 1075 1327 non
1099 1288 1229 1342 peto,
1256 1279 1456 1339 iudices,
1483 1295 1545 1328 ne
1569 1280 1633 1329 de
1655 1289 1815 1328 vestra

82 1385 120 1415 15
145 1360 385 1423 sapientia
419 1369 567 1423 atque
604 1361 668 1410 de
700 1370 860 1409 vestra
899 1360 1203 1408 humanitate
1243 1360 1466 1409 dubitare
1506 1359 1813 1409 videar—est

145 1450 310 1490 autem
367 1442 637 1504 petendum
690 1457 754 1490 ne
795 1440 993 1489 oderitis
1048 1440 1316 1503 ingenium,
1364 1457 1428 1490 ne
1479 1440 1664 1488 inimici
1706 1440 1809 1489 sitis

145 1520 425 1582 industriae,
488 1538 551 1570 ne
608 1521 962 1569 humanitatem
1011 1520 1402 1583 opprimendam,
1456 1537 1521 1570 ne
1582 1520 1808 1570 virtutem

143 1601 475 1666 poeniendam
510 1601 879 1665 putetis—illud
917 1609 1049 1664 peto,
1080 1610 1148 1661 ut,
1192 1600 1232 1649 si
1278 1617 1476 1649 causam
1523 1601 1681 1664 ipsam
1721 1620 1810 1666 per

141 1699 195 1733 se
227 1684 418 1732 firmam
456 1699 562 1732 esse
603 1691 653 1732 et
688 1682 912 1731 stabilem
954 1681 1185 1742 videritiS,
1227 1681 1440 1731 hominis
1475 1682 1628 1745 ipsius
1669 1700 1807 1733 orna-

75 1772 307 1813 20'menta
351 1764 638 1814 adiumento
678 1779 854 1812 causae
891 1762 1055 1826 potius
1101 1779 1250 1826 quam
1296 1763 1651 1826 impedimento
1697 1781 1804 1815 esse

142 1844 332 1894 malitis·

241 1926 390 1974 VIII.
464 1925 707 1988 Nascitur,
731 1926 930 1988 iudices,
956 1943 1104 1975 causa
1128 1925 1326 1977 Corneli
1350 1942 1411 1976 ex
1435 1943 1492 1976 ea
1509 1928 1630 1990 lege,
1658 1944 1806 1992 quam

142 2008 198 2056 L.
227 2007 414 2058 Gellius
439 2009 529 2058 Cn.
558 2009 815 2060 Cornelius
839 2026 901 2059 ex
928 2019 1125 2059 senatus
1161 2009 1404 2058 sententia
1438 2011 1673 2061 tulerunt:
1709 2027 1807 2074 qua

138 2089 247 2152 lege
281 2088 506 2139 videmus
537 2089 607 2139 ita
642 2106 749 2140 esse
787 2100 1025 2151 sanctum,
1065 2099 1119 2140 ut
1157 2091 1288 2140 cives
1326 2091 1544 2140 Romani
1592 2092 1690 2142 sint
1740 2093 1799 2153 ei,

72 2194 113 2225 25
137 2185 262 2233 quos
287 2171 379 2221 Cn.
407 2171 676 2235 Pompeius
710 2173 774 2222 de
809 2172 983 2222 consili
1018 2172 1261 2222 sententia
1294 2171 1574 2235 singillatim
1609 2173 1805 2223 civitate

138 2251 403 2301 donaverit.
475 2254 731 2302 Donatum
759 2270 865 2303 esse
891 2256 946 2303 L.
975 2253 1260 2304 Cornelium
1284 2270 1514 2317 praesens
1539 2254 1804 2317 Pompeius

138 2331 272 2393 dicit,
296 2331 517 2383 indicant
538 2334 766 2398 publicae
794 2336 1005 2395 tabulae,
1030 2343 1288 2384 accusator
1317 2336 1508 2395 fatetur,
1534 2336 1623 2384 sed
1657 2345 1804 2398 negat

136 2428 199 2462 ex
231 2413 482 2463 foederato
526 2416 715 2478 populo
762 2431 1061 2478 quemquam
1095 2414 1327 2478 potuisse,
1362 2414 1458 2463 nisi
1505 2414 1546 2464 is
1590 2417 1804 2478 populus

132 2493 314 2543 fundus
353 2495 509 2544 factus
545 2505 688 2556 esset,
727 2496 779 2544 in
818 2497 949 2546 hanc
981 2496 1226 2546 civitatem
1257 2497 1436 2547 venire.
1508 2499 1555 2548 O
1590 2500 1802 2562 praecla-
1826 2501 1890 2549 20

67 2597 108 2629 30
129 2589 239 2622 rum
284 2573 598 2638 interpretem
643 2575 773 2638 iuriS,
821 2587 1072 2627 auctorem
1117 2577 1434 2641 antiquitatiS,
1477 2589 1802 2630 correctorem

130 2661 280 2716 atque
302 2655 669 2706 emendatorem
687 2665 881 2707 nostrae
900 2657 1107 2707 civitatis
1128 2662 1138 2708 Ξ
1195 2657 1295 2720 Qui
1312 2659 1442 2708 hanc
1464 2675 1679 2723 poenam
1702 2662 1803 2710 foe-

131 2732 330 2782 deribus
370 2734 594 2796 ascribat,
632 2744 686 2785 ut
723 2736 953 2808 omnium«
980 2737 1310 2801 praemiorum
1348 2739 1800 2803 beneficiorumque

129 2821 408 2863 nostrorum
433 2814 642 2878 expertis
664 2816 810 2866 faciat
831 2817 1121 2868 foederatos.
1193 2818 1329 2881 Quid
1353 2818 1483 2869 enim
1517 2820 1676 2884 potuit
1701 2820 1799 2872 dici
