1956 3138
185 121 245 167 32
668 102 816 151 PRO
860 103 917 151 L.
977 100 1349 152 CORNELIO
1594 96 1754 166 [XIII
1779 114 1844 162 30
1877 104 1882 116 ¹

183 221 317 262 tum:
353 211 473 260 nihil
507 212 655 260 habet
686 212 820 274 quod
846 210 905 259 sit
928 209 1178 273 proprium
1212 206 1457 271 religionis
1492 223 1550 256 ac
1572 208 1838 256 foederum.

185 293 413 341 Defendo
438 292 569 341 enim
592 308 693 340 rem
717 291 1007 351 universam,
1034 292 1218 338 nullam
1244 306 1349 338 esse
1383 296 1582 350 gentem
1614 304 1675 336 ex
1709 286 1846 336 omni

184 372 380 435 regione
421 381 651 421 terrarum
683 387 845 433 neque
874 380 974 419 tam
1003 370 1319 418 dissidentem
1344 385 1373 416 a
1396 369 1582 431 populo
1614 369 1850 416 Romano

185 452 301 502 odio
328 453 543 515 quodam
567 460 714 513 atque
740 449 946 498 discidio
970 465 1131 511 neque
1154 458 1255 496 tam
1279 447 1376 496 fide
1400 446 1843 509 benevolentiaque

185 533 510 591 coniunctam,
551 547 612 579 ex
652 547 747 592 qua
782 530 924 578 nobis
969 528 1282 576 interd-ictum
1324 527 1398 587 sit,
1442 542 1506 574 ne
1549 541 1696 588 quem
1729 524 1847 574 asci·
1891 550 1910 579 5

99 613 159 662 31
186 629 320 661 scere
364 611 520 660 civem
566 620 652 659 aut
688 610 882 658 civitate
923 610 1105 658 donare
1145 608 1416 671 possimus..
1473 608 1518 656 O
1564 605 1669 654 iura
1711 621 1846 668 prae-

185 694 314 740 clara
337 701 485 754 atque
509 689 738 739 divinitus
762 689 859 737 iam
883 689 998 737 inde
1035 705 1065 736 a
1100 687 1339 750 principio
1381 685 1595 735 Romani
1631 683 1844 734 nominis

186 791 216 822 a
238 773 501 823 maioribus
520 762 704 821 nostris'
714 774 1021 833 comparata!
1087 772 1166 818 Ne
1190 770 1297 832 quis
1321 778 1539 817 nostrum
1562 768 1672 830 plus
1696 782 1845 829 quam

185 853 329 902 unius
376 853 581 902 civitatis
636 868 742 900 esse
795 850 1360 914 possit—dissimilitudo
1410 849 1541 898 enim
1596 846 1846 896 civitatum

184 934 467 983 varietatem
490 933 604 981 iuris
635 934 814 980 habeat
848 948 1049 980 necesse
1074 941 1277 980 est—ne
1316 930 1424 994 quis
1449 929 1628 978 invitus
1653 928 1846 977 civitate
1873 953 1911 975 ιο

186 1023 400 1064 mutetur
431 1031 556 1063 neve
591 1013 643 1062 in
677 1014 871 1063 civitate
903 1022 1098 1063 maneat
1134 1013 1321 1061 invitus.
1396 1015 1539 1061 Haec
1575 1020 1688 1061 sunt
1712 1009 1844 1065 enim

187 1095 508 1143 fundamenta
529 1094 802 1142 firmissima
835 1104 1028 1143 nostrae
1063 1093 1311 1153 libertatis,
1340 1092 1413 1141 sui
1447 1107 1693 1155 quemque
1727 1089 1844 1140 iuris

189 1183 240 1223 et
269 1175 511 1224 retinendi
540 1184 587 1224 et
625 1175 903 1223 dimittendi
939 1191 1045 1224 esse
1086 1173 1352 1222 dominum.
1428 1173 1559 1221 Illud
1599 1187 1714 1221 vero
1738 1170 1843 1231 sine

187 1257 286 1304 ulla
334 1255 639 1305 dubitatione
685 1256 896 1304 maxime
942 1265 1160 1304 nostrum
1205 1254 1427 1303 fundavit
1483 1253 1738 1316 imperium
1794 1260 1845 1301 et

175 1334 356 1397 populi
375 1336 590 1383 Romani
614 1351 796 1383 nomen
820 1334 963 1394 auxit,
986 1336 1120 1398 quod
1142 1335 1367 1397 princeps
1390 1333 1472 1382 ille
1495 1341 1682 1381 creator
1703 1330 1846 1380 huius
1871 1355 1909 1386 15

187 1415 318 1464 urbis
351 1418 592 1464 Romulus
628 1417 824 1464 foedere
863 1415 1043 1464 Sabino
1085 1416 1252 1464 docuit
1290 1413 1437 1463 etiam
1473 1412 1694 1462 hostibus
1727 1410 1844 1460 reci-

187 1496 381 1559 piendis
405 1496 570 1559 augeri
593 1498 721 1544 hanc
744 1496 988 1545 civitatem
1013 1505 1235 1558 oportere
1255 1512 1265 1542 τ
1302 1494 1441 1542 cuius
1476 1491 1762 1541 auctoritate
1792 1499 1842 1540 et

187 1577 410 1638 exemplo
434 1592 703 1638 numquam
728 1585 800 1625 est
824 1575 1095 1624 intermissa
1118 1591 1146 1623 a
1168 1573 1431 1622 maioribus
1454 1572 1629 1621 nostris
1652 1569 1841 1633 largitio

186 1664 235 1704 et
279 1655 657 1704 communicatio
704 1655 924 1705 civitatis.
995 1658 1170 1717 Itaque
1217 1663 1266 1703 et
1305 1671 1366 1702 ex
1410 1653 1552 1702 Latio
1597 1652 1752 1711 multi,
1787 1660 1843 1699 ut

185 1735 450 1784 Tusculani
488 1744 536 1783 et
568 1735 822 1794 Lanuvini,
850 1744 898 1783 et
935 1751 995 1783 ex
1031 1734 1202 1783 ceteris
1239 1733 1498 1796 generibus
1534 1741 1704 1796 gentes
1740 1731 1843 1780 uni·
1867 1756 1908 1777 20

184 1831 349 1864 versae
373 1815 425 1863 in
449 1815 693 1863 civitatem
730 1823 844 1863 sunt
874 1823 1113 1877 receptae,
1138 1823 1192 1862 ut
1226 1813 1516 1863 Sabinorum
1548 1813 1840 1861 Volscorum

186 1896 539 1945 Hernicorum:
565 1896 742 1958 quibus
767 1912 827 1944 ex
850 1895 1124 1944 civitatibus
1155 1911 1249 1943 nec
1282 1893 1440 1942 coacti
1464 1901 1625 1942 essent
1648 1891 1840 1941 civitate

183 1976 373 2037 mutari,
399 1975 440 2024 si
462 1975 548 2038 qui
571 1976 852 2036 noluissent,
872 1992 978 2035 nec,
1007 1974 1047 2022 si
1070 1975 1155 2037 qui
1179 1982 1339 2023 essent
1357 1973 1602 2022 civitatem
1625 1981 1840 2021 nostram

183 2056 426 2105 beneficio
450 2057 619 2119 populi
651 2055 869 2115 Romani
892 2055 1159 2116 consecuti,
1184 2055 1420 2104 violatum
1459 2055 1634 2103 foedus
1671 2069 1841 2102 eorum

177 2137 434 2186 videretur.
1866 2158 1904 2189 25

97 2216 159 2263 32
283 2218 421 2265 XIV.
493 2219 561 2266 At
584 2216 714 2266 enim
740 2219 980 2280 quaedam
1003 2216 1200 2266 foedera
1225 2223 1427 2275 exstant,
1455 2223 1508 2263 ut
1532 2215 1840 2264 Cenomano-

183 2313 291 2344 rum
330 2297 610 2345 Insubrium
650 2298 992 2347 Helvetiorum
1032 2297 1273 2360 Iapidum,
1308 2311 1411 2344 non
1440 2295 1684 2343 nullorum
1721 2293 1839 2342 item

183 2393 244 2425 ex
279 2377 438 2425 Gallia
471 2378 800 2436 barbarorum,
826 2394 1035 2441 quorum
1068 2376 1119 2425 in
1142 2374 1418 2424 foederibus
1456 2382 1715 2436 exceptum
1749 2382 1836 2432 est,

182 2473 247 2505 ne
271 2457 379 2518 quis
404 2473 572 2505 eorum
607 2475 637 2505 a
670 2458 813 2507 nobis
851 2458 968 2506 civis
1004 2456 1273 2519 recipiatur.
1345 2455 1497 2516 Quod
1534 2453 1575 2502 si
1614 2452 1838 2516 exceptio

183 2535 311 2595 facit,
337 2551 399 2584 ne
422 2535 579 2596 liceat,
604 2536 691 2584 ubi
714 2553 818 2584 non
842 2546 915 2585 est
940 2545 1213 2599 exceptum,
1237 2533 1306 2582 ibi
1334 2549 1534 2582 necesse
1571 2541 1645 2581 est
1678 2532 1835 2581 licere.
1864 2556 1905 2587 30

185 2616 288 2668 Ubi
303 2626 375 2666 est
390 2617 533 2680 igitur
551 2617 601 2665 in
619 2619 815 2666 foedere
835 2618 1080 2666 Gaditano
1100 2623 1370 2680 exceptum,
1387 2630 1452 2662 ne
1466 2629 1614 2676 quem
1627 2612 1836 2675 populus

186 2699 439 2746 Romanus
465 2697 764 2745 Gaditanum
787 2697 988 2759 recipiat
1011 2695 1240 2744 civitate?
1275 2696 1546 2755 Nusquam.
1583 2694 1660 2741 Ac
1683 2690 1837 2739 sicubi

184 2790 325 2840 esset,
366 2780 444 2828 lex
481 2778 534 2828 id
579 2779 737 2829 Gellia
783 2787 833 2828 et
875 2778 1115 2839 Cornelia,
1150 2792 1274 2840 quae
1312 2774 1511 2824 definite
1541 2779 1835 2838 potestatem
