1956 3138
126 119 336 201 xx'45]
665 130 919 180 BALBO
971 129 1114 180 ΘΚΑ
1125 129 1260 178 Tlo.
1733 140 1793 187 37

123 244 327 311 periculi
367 243 745 307 deprecatores?
815 239 1013 290 Etenim
1054 237 1165 302 quis
1206 245 1279 286 est
1315 245 1416 285 tam
1449 236 1653 285 demens
1678 233 1798 297 quin
1821 233 1885 282 43

125 325 303 377 sentiat
323 325 400 374 ius
437 325 534 373 hoc
572 322 829 373 Gaditanis
869 337 976 371 esse
1017 320 1345 379 retinendum,
1372 334 1435 366 ne
1474 325 1700 379 saeptum
1737 316 1800 364 sit

125 406 196 456 eis
217 405 309 455 iter
330 413 569 469 perpetuo
592 404 658 452 ad
681 403 778 451 hoc
801 400 1158 464 amplissimum
1192 398 1465 463 praemium
1501 396 1722 455 civitatiS‚
1749 405 1799 445 et

125 503 306 551 magno
331 503 481 550 opere
515 485 583 535 eis
615 500 721 534 esse
755 483 1053 542 laetandum,
1081 481 1226 529 huius
1268 482 1321 528 L.
1351 477 1550 529 Corneli
1589 480 1800 526 benevo-

84 594 103 625 5
127 568 328 618 lentiam
367 583 480 630 erga
514 581 630 615 suos
666 580 918 614 remanere
944 563 1181 622 Gadibus,
1207 561 1412 624 gratiam
1444 567 1494 608 et
1516 559 1799 607 facultatem

126 646 512 698 commendandi
535 645 587 694 in
609 646 702 694 hac
717 644 913 693 civitate
936 643 1154 693 versari?
1180 642 1303 704 Quis
1329 651 1401 690 est
1426 640 1557 689 enim
1576 648 1799 689 nostrum

126 728 207 778 cui
242 745 346 778 non
385 727 468 776 illa
507 726 677 775 civitas
723 725 784 775 sit
829 724 973 773 huius
1016 723 1180 773 studio
1219 739 1335 771 eura
1375 720 1627 784 diligentia
1666 735 1800 769 corn-

126 807 440 859 rnendatior?
523 808 666 856 XIX.
741 804 933 856 Omitto
981 803 1176 867 quantis
1224 801 1522 851 ornamentis
1557 801 1799 864 populum

51 948 54 952 ⁴
126 889 273 940 istum
312 890 368 939 C.
413 889 608 948 Caesar,
649 903 764 935 cum
806 895 933 934 esset
973 885 1024 933 in
1059 884 1302 947 Hispania
1325 893 1532 947 praetor,
1570 881 1797 941 affecerit,

64 998 104 1020 10
125 969 478 1021 controversias
503 968 697 1028 sedarit,
723 968 828 1016 iura
851 967 1067 1030 ipsorum
1092 965 1333 1029 permissu
1358 963 1591 1024 statuerit,
1619 963 1801 1013 invete-

126 1059 282 1100 ratam
305 1050 558 1114 quondam
593 1047 866 1097 barbariam
904 1064 964 1096 ex
1004 1047 1366 1097 Gaditanorum
1404 1045 1622 1094 moribus
1659 1043 1801 1094 disci-

126 1131 362 1195 plinaque
386 1129 572 1190 delerit,
592 1146 784 1178 summa
807 1128 858 1176 in
884 1145 993 1177 eam
1018 1128 1264 1176 civitatem
1283 1126 1428 1175 huius
1448 1135 1618 1189 rogatu
1638 1125 1800 1174 studia

128 1222 178 1263 et
200 1213 439 1264 beneficia
462 1211 732 1264 contulerit.
784 1212 944 1259 Multa
967 1220 1235 1274 praetereo,
1256 1226 1382 1273 quae
1406 1208 1608 1258 cottidie
1632 1209 1798 1257 labore

127 1295 271 1345 huius
295 1304 343 1345 et
366 1294 531 1344 studio
554 1303 639 1343 aut
671 1293 874 1342 omnino
903 1301 986 1341 aut
1026 1300 1156 1340 certe
1195 1291 1383 1339 facilius
1421 1298 1795 1353 consequantur.

65 1402 103 1432 ις
125 1377 305 1440 Itaque
344 1385 395 1426 et
433 1376 612 1424 adsunt
647 1373 893 1438 principes
918 1371 1127 1421 civitatis
1168 1380 1217 1420 et
1247 1371 1519 1420 defendunt
1553 1386 1720 1418 amore
1744 1377 1799 1417 ut

128 1473 272 1505 suum
295 1455 469 1517 civem,
493 1455 776 1506 testimonio
800 1463 855 1504 ut
878 1463 1112 1514 nostrum,
1139 1453 1300 1503 officio
1324 1461 1379 1501 ut
1408 1469 1469 1501 ex
1492 1450 1799 1500 nobilissimo

129 1537 224 1587 civi
247 1536 607 1587 sanctissimum
630 1535 892 1599 hospitem,
920 1535 1084 1584 studio
1108 1544 1162 1583 ut
1187 1533 1612 1597 diligentissimum
1637 1533 1801 1581 defen-

131 1635 292 1668 sorem
316 1618 695 1667 commodorum
721 1633 933 1666 suorum.
1005 1618 1082 1664 Ac
1105 1632 1167 1664 ne
1192 1614 1286 1678 ipsi
1311 1613 1545 1664 Gaditani
1568 1612 1798 1662 arbitren-
1821 1610 1888 1658 44

128 1710 219 1762 tur,
245 1716 546 1764 quamquam
569 1701 705 1748 nullo
730 1698 1051 1748 incommodo
1075 1697 1360 1756 afficiantur,
1389 1695 1430 1745 si
1460 1695 1605 1744 liceat
1629 1711 1799 1744 eorum

64 1810 107 1833 20
129 1781 247 1832 civis
270 1781 459 1831 virtutis
484 1797 630 1830 causa
665 1780 717 1829 in
753 1789 971 1829 nostram
1006 1778 1253 1828 civitatem
1294 1776 1472 1838 venire,
1498 1785 1665 1825 tamen
1703 1776 1802 1824 hoc

129 1864 238 1928 ipso
261 1862 457 1912 inferius
482 1878 589 1911 esse
619 1877 764 1910 suum
801 1861 977 1909 foedus
1013 1876 1162 1923 quarn
1194 1867 1481 1918 ceterorum,
1508 1857 1802 1906 consolabor

130 1954 180 1996 et
201 1946 293 1994 hos
316 1943 597 2008 praesentis,
623 1942 752 1992 viros
778 1942 1007 2006 optimos,
1033 1950 1082 1990 et
1116 1941 1249 1990 illam
1284 1938 1618 1988 fidelissimam
1652 1946 1800 2000 atque

130 2025 477 2077 amicissimam
506 2023 651 2075 nobis
687 2024 949 2085 civitatem,
976 2023 1121 2073 simul
1161 2032 1210 2072 et
1246 2038 1348 2082 vos,
1375 2037 1478 2070 non
1517 2019 1799 2083 ignorantis,

93 2160 99 2164 ,
131 2108 333 2170 iudices,
358 2107 656 2167 admonebo,
682 2123 783 2170 quo
819 2107 882 2155 de
923 2105 1027 2154 iure
1063 2106 1160 2154 hoc
1199 2103 1437 2153 iudicium
1478 2102 1800 2152 constitutum

66 2215 106 2247 25
129 2199 204 2240 est
226 2190 289 2239 de
313 2204 374 2239 eo
390 2205 663 2252 numquam
687 2187 891 2237 omnino
916 2204 1022 2236 esse
1046 2186 1337 2236 dubitatum.

234 2270 375 2331 Quos
410 2268 555 2332 igitur
593 2267 998 2332 prudentissimos
1038 2267 1324 2330 interpretes
1364 2267 1634 2327 foederum,
1678 2281 1801 2328 quos
1825 2263 1888 2313 45

131 2350 450 2416 peritissimos
471 2350 635 2400 bellici
658 2350 786 2411 iuris,
812 2367 938 2414 quos
969 2349 1366 2413 diligentissimos
1398 2348 1448 2396 in
1489 2346 1801 2410 exquirendis

133 2432 508 2485 condicionibus
531 2432 782 2483 civitatum
806 2442 954 2496 atque
989 2431 1146 2481 causis
1171 2448 1276 2481 esse
1311 2431 1633 2491 arbitramur?
1702 2432 1802 2478 Eos

131 2517 367 2580 profect0‚
393 2512 478 2577 qui
499 2513 598 2563 iarn
629 2513 832 2578 imperia
854 2530 913 2563 ac
936 2514 1066 2563 bella
1090 2521 1356 2576 gesserunt.
1428 2514 1541 2560 XX.
1602 2510 1801 2560 Etenim

69 2623 111 2654 30
132 2595 174 2646 si
204 2597 265 2658 Q.
293 2595 529 2645 Scaevola
549 2593 631 2643 ille
662 2611 828 2658 augur,
855 2611 969 2643 curn
997 2594 1059 2643 de
1091 2593 1194 2642 iure
1225 2591 1552 2655 praediatorio
1584 2591 1804 2639 eonsule-

133 2683 277 2740 retur,
318 2675 469 2723 homo
509 2672 624 2723 iuris
660 2673 993 2737 peritissimus,
1031 2674 1335 2721 consultores
1376 2688 1490 2721 suos
1524 2687 1626 2720 non
1666 2686 1805 2718 num·

133 2771 286 2820 quam
324 2754 390 2803 ad
425 2751 624 2802 Furium
660 2762 708 2802 et
756 2752 1051 2803 Cascellium
1097 2752 1428 2815 praediatores
1474 2750 1720 2810 reiciebat,
1763 2749 1803 2799 si

138 2851 229 2886 nos
252 2835 317 2886 de
339 2850 468 2898 aqua
503 2843 668 2883 nostra
706 2835 987 2883 Tusculana
1029 2835 1099 2882 Μ.
1140 2832 1417 2896 Tugionem
1453 2831 1616 2895 potius
1654 2846 1803 2894 quarn
