1956 3138
198 101 262 148 34
681 83 832 132 PRO
875 85 935 132 L,
989 84 1370 134 CORNELIO
1645 81 1764 152 [XV
1785 101 1851 150 34

196 200 270 241 est
292 208 403 241 cum
428 191 682 242 Gaditanis
709 194 882 242 foedus
916 193 995 242 vel
1027 201 1314 241 renovatum
1348 192 1426 242 vel
1456 191 1624 253 ictum,
1661 193 1724 242 de
1751 205 1853 257 quo

194 271 390 321 foedere
423 273 631 335 populus
667 274 923 321 Romanus
960 272 1250 321 sententiam
1283 288 1383 321 non
1412 271 1534 334 tulit,
1557 271 1639 336 qui
1666 271 1852 322 iniussu

107 351 169 399 35
196 367 285 401 suo
330 354 466 402 nullo
510 361 658 415 pacto
703 362 865 416 potest
910 353 1143 416 religione
1190 353 1403 416 obligari.
1483 355 1563 402 Ita
1607 353 1852 403 Gaditana

193 431 375 492 civitas,
424 432 559 494 quod
604 432 854 481 beneficiis
894 432 993 481 suis
1040 449 1152 495 erga
1197 449 1300 481 rem
1344 433 1591 496 publicam
1634 442 1851 484 nostram

193 511 429 573 consequi
451 510 624 574 potuit,
651 513 786 573 quod
825 511 1170 574 imperatorum
1208 511 1509 574 testimoniis,
1536 515 1674 576 quod
1694 523 1854 564 vetus·
1897 540 1915 571 s

191 599 304 652 tate,
332 592 465 653 quod
507 593 570 653 Q.
610 591 787 652 Catuli,
825 591 1004 640 summi
1038 591 1140 652 viri,
1165 593 1467 654 auctoritate,
1494 594 1629 656 quod
1666 583 1850 645 iudicio

192 678 402 730 senatus,
428 670 563 732 quod
586 671 797 730 foedere,
824 680 1089 719 consecuta
1106 680 1207 721 est:
1246 673 1379 735 quod
1403 672 1598 735 publica
1618 673 1851 738 religione

191 749 366 797 sanciri
389 749 560 812 potuit,
588 749 640 799 id
663 751 801 799 abest
815 768 830 811 3
853 752 1065 813 populus
1090 751 1221 799 enim
1261 768 1312 801 se
1335 768 1579 815 nusquam
1603 753 1846 818 obligavit.

190 831 367 893 Neque
413 830 526 880 ideo
564 840 638 880 est
675 832 1030 881 Gaditanorum
1076 849 1223 882 causa
1275 833 1484 883 deterior
1497 851 1512 894 ;
1557 834 1849 897 gravissimis

189 910 319 959 enim
351 919 400 960 et
430 910 649 973 plurimis
684 914 827 961 rebus
865 921 938 961 est
961 914 1092 964 fulta.
1164 915 1263 963 Sed
1296 913 1375 963 isti
1415 915 1735 978 disputationi
1769 915 1852 966 hic
1875 943 1916 965 10

189 997 318 1038 certe
364 990 484 1038 nihil
529 999 602 1039 est
635 990 731 1039 loci
746 1009 761 1052 3
807 1000 1169 1040 sacrosanctum
1210 993 1342 1041 enim
1376 994 1496 1042 nihil
1529 1003 1691 1057 potest
1725 1011 1846 1056 esse,

188 1068 281 1117 nisi
304 1071 438 1132 quod
461 1086 548 1132 per
570 1072 809 1133 populum
832 1072 1091 1133 plebemve
1115 1080 1338 1120 sanctum
1361 1081 1447 1122 est.
1517 1075 1658 1123 XVI.
1696 1075 1848 1137 Quod

187 1149 227 1198 si
250 1151 348 1198 hoc
370 1151 556 1212 foeduS,
583 1152 717 1214 quod
740 1153 951 1214 populus
983 1153 1240 1200 Romanus
1274 1161 1471 1202 auctore
1506 1162 1693 1214 senam,
1716 1170 1848 1204 com-

185 1230 500 1286 mendatione
524 1241 573 1281 et
596 1232 778 1281 iudicio
801 1233 1067 1295 vetustatiS,
1094 1235 1346 1283 voluntate
1375 1242 1424 1283 et
1459 1233 1711 1284 sententiis
1746 1235 1845 1285 suis

185 1315 487 1377 comprobat,
536 1313 669 1362 idem
716 1313 950 1376 suffragiis
998 1314 1378 1376 comprobasset,
1427 1313 1547 1376 quid
1605 1323 1708 1364 erat
1762 1331 1848 1366 cur
1872 1341 1910 1372 ις

184 1411 245 1444 ex
267 1395 373 1458 ipso
396 1395 593 1444 foedere
630 1394 930 1444 Gaditanum
954 1394 1004 1441 in
1036 1394 1280 1442 civitatem
1310 1403 1525 1443 nostram
1558 1395 1709 1458 recipi
1741 1412 1844 1446 non

182 1475 384 1525 liceret?
452 1475 590 1524 Nihil
637 1484 710 1524 est
745 1475 876 1524 enim
911 1475 1043 1523 aliud
1083 1474 1135 1522 in
1168 1476 1365 1523 foedere
1411 1474 1504 1523 nisi
1547 1483 1602 1524 ut
1647 1489 1735 1524 ΡΙΑ
1777 1491 1844 1526 ΕΤ

183 1570 428 1603 AETERNA
473 1569 576 1603 PAX
629 1555 703 1604 sit.
776 1554 910 1616 Quid
961 1554 1012 1603 id
1058 1555 1124 1603 ad
1191 1553 1475 1602 civitatem?
1539 1554 1842 1605 Adiunctum

181 1634 306 1683 illud
351 1634 498 1684 etiam
545 1643 631 1694 est,
684 1636 819 1697 quod
870 1650 973 1682 non
1023 1641 1095 1682 est
1149 1633 1200 1681 in
1258 1634 1486 1682 omnibus
1531 1632 1839 1683 foederibus:

181 1729 515 1764 MAIESTATEM
558 1729 744 1764 PoPULI
784 1727 989 1762 ROMANI
1029 1728 1263 1762 COMITER
1299 1728 1689 1763 CONSERVANTO.
1779 1715 1844 1764 Id
1866 1741 1908 1763 20

93 1796 155 1844 36
180 1796 327 1844 habet
361 1797 489 1844 hanc
522 1796 636 1856 vim,
672 1804 728 1844 ut
763 1795 822 1844 sit
858 1794 938 1843 ille
984 1794 1035 1842 in
1081 1796 1277 1843 foedere
1322 1794 1555 1843 inferior?
1619 1793 1840 1844 Primum

180 1877 313 1925 verbi
336 1893 490 1939 genus
514 1878 611 1925 hoc
635 1890 1022 1935 CONSERVANTO,
1043 1892 1143 1938 quo
1167 1875 1318 1939 magis
1343 1875 1394 1924 in
1417 1875 1604 1938 legibus
1622 1892 1771 1940 quam
1784 1877 1838 1928 in

177 1957 455 2006 foederibus
479 1958 549 2006 uti
573 1958 800 2017 solemus,
820 1957 1099 2021 imperantis
1118 1966 1206 2018 est,
1221 1974 1323 2007 non
1337 1957 1591 2021 precantis.
1641 1958 1837 2019 Deinde

179 2054 291 2085 cum
328 2037 522 2086 alterius
560 2038 730 2101 populi
770 2038 997 2087 maiestas
1037 2037 1312 2087 conservari
1350 2038 1555 2099 iubetur,
1581 2039 1645 2088 de
1683 2040 1836 2106 altero

178 2117 357 2178 siletur,
393 2127 523 2167 certe
559 2118 640 2167 ille
677 2120 886 2182 populus
923 2118 974 2166 in
1005 2118 1250 2181 superiore
1278 2117 1571 2168 condicione
1595 2135 1838 2183 causaque
1861 2146 1901 2178 25

175 2197 385 2260 ponitur,
428 2198 566 2246 cuius
605 2198 831 2247 maiestas
871 2198 1078 2246 foederis
1119 2197 1373 2246 sanctione
1412 2197 1699 2246 defenditur.
1770 2199 1834 2248 In

176 2293 276 2339 quo
318 2286 418 2325 erat
454 2277 747 2326 accusatoris
787 2276 1118 2340 interpretatio
1157 2276 1358 2340 indigna
1392 2275 1723 2345 responsione,
1747 2277 1832 2341 qui

174 2356 243 2404 ita
280 2356 490 2417 dicebat,
521 2371 754 2406 COMITER
791 2373 896 2406 esse
938 2356 1274 2417 communiter,
1299 2356 1438 2420 quasi
1470 2372 1585 2406 vero
1618 2356 1831 2420 priscum

173 2435 374 2498 aliquod
410 2445 493 2484 aut
530 2436 780 2485 insolitum
817 2438 1020 2486 verbum
1056 2436 1457 2499 interpretaretur.
1530 2437 1712 2486 Comes
1748 2438 1830 2486 be-

171 2515 321 2578 nigni,
369 2516 535 2565 faciles
583 2533 755 2579 suaves
801 2518 1025 2566 homines
1074 2533 1179 2566 esse
1225 2517 1475 2567 dicuntur:
1521 2517 1606 2581 qui
1651 2518 1893 2578 errantis,

174 2596 377 2644 comiter
399 2605 638 2646 monstrat
677 2597 820 2660 viam,
846 2597 1071 2660 benigne,
1098 2613 1200 2646 non
1239 2606 1466 2660 gravate:
1503 2597 1828 2648 communiter

87 2676 148 2724 3¹7
175 2676 372 2739 quidem
397 2685 526 2726 certe
550 2693 651 2725 non
677 2678 919 2726 convenit.
989 2681 1054 2727 Et
1078 2677 1219 2726 simul
1242 2679 1450 2727 absurda
1471 2694 1546 2728 res
1573 2686 1646 2728 est
1667 2680 1825 2728 caveri

170 2758 367 2806 foedere
401 2766 456 2806 ut
489 2757 791 2807 maiestatem
826 2757 995 2821 populi
1031 2757 1245 2807 Romani
1279 2764 1604 2808 communiter
1635 2773 1824 2808 conser-
