1956 3138
175 158 238 201 44
659 141 809 190 PRO
852 143 909 189 L.
967 141 1344 190 CORNELIO
1519 139 1741 207 [XXVII
1766 143 1830 190 60

173 248 266 295 hac
289 243 353 296 re'
362 247 593 310 ponderis
617 249 831 306 haberet,
858 264 970 295 cum
995 265 1074 296 me
1106 247 1384 310 praesertim
1421 264 1580 297 rerum
1602 249 1830 299 varietate

173 336 320 390 atque
351 345 440 376 usu
475 328 582 390 ipso
617 328 715 376 iam
749 329 1037 390 perdoctum
1069 329 1302 388 viderent,
1330 328 1476 377 etiam
1516 330 1578 378 ab
1617 329 1711 379 illis
1747 345 1831 379 eos

173 407 434 455 maioribus
472 407 725 454 discordiis
762 424 1029 455 avocarem.
1103 408 1299 456 Etenim
1341 409 1636 457 contendere
1677 410 1740 458 de
1779 425 1831 458 re

173 487 381 549 publica,
431 503 541 534 cum
590 488 640 534 id
687 488 935 547 defendas,
984 489 1119 550 quod
1177 504 1285 536 esse
1337 488 1578 550 optimum
1635 489 1828 549 sentias,

173 575 223 614 et
252 567 448 615 fortium
479 568 689 615 virorum
729 577 778 616 et
817 584 1105 630 magnorum
1145 569 1402 616 hominum
1439 585 1631 632 semper
1665 568 1832 632 putavi
1877 594 1896 625 5

173 663 332 709 neque
357 648 468 695 huic
491 664 726 710 umquam
759 649 914 696 labori
948 649 1109 697 officio
1143 649 1332 698 muneri
1370 649 1514 698 defui.
1587 652 1686 699 Sed
1717 666 1831 699 con-

174 729 325 776 tentio
349 738 448 776 tam
474 729 557 777 diu
583 728 773 791 sapiens
798 738 883 788 est,
906 745 1053 791 quam
1088 730 1172 778 diu
1205 739 1287 778 aut
1310 730 1500 792 proficit
1523 730 1707 793 aliquid
1731 738 1830 789 aut,

87 809 146 855 61
174 808 214 856 si
259 825 359 857 non
405 809 606 871 proficit,
655 826 758 858 non
804 812 945 858 obest
991 810 1183 859 civitati.
1268 811 1527 860 Voluimus
1573 813 1830 874 quaedam,

172 888 528 948 contendimus,
572 888 755 950 experti
796 905 982 937 sumus:
1027 898 1228 952 optenta
1267 907 1369 939 non
1397 899 1520 939 sunt.
1594 892 1831 940 Dolorem

171 969 265 1028 alii,
302 986 393 1017 nos
438 971 622 1018 luctum
658 987 1026 1032 maeroremque
1062 971 1377 1033 suscepimus.
1450 974 1550 1022 Cur
1595 989 1667 1032 ea,
1707 989 1833 1036 quae
1859 999 1898 1020 10

171 1058 357 1097 mutare
379 1066 480 1098 non
503 1066 777 1112 possumus,
804 1052 1080 1099 convellere
1104 1053 1344 1099 malumus
1370 1068 1515 1114 quam
1538 1052 1700 1121 tueri?
1769 1055 1826 1103 C.

173 1131 433 1179 Caesarem
458 1142 654 1179 senatus
680 1141 727 1179 et
755 1147 930 1193 genere
973 1131 1383 1194 supplicationum
1419 1132 1719 1195 amplissimo
1759 1150 1831 1183 or-

171 1211 304 1259 navit
350 1220 397 1260 et
442 1228 646 1260 numero
683 1213 870 1260 dierum
911 1229 1054 1260 novo.
1128 1213 1271 1260 Idem
1310 1212 1361 1260 in
1402 1214 1635 1276 angustiis
1679 1215 1830 1263 aerari

170 1287 402 1337 victorem
427 1289 689 1337 exercitum
714 1289 958 1352 stipendio
991 1290 1166 1349 affecit,
1198 1290 1475 1352 imperatori
1500 1293 1674 1340 decem
1704 1294 1831 1356 lega-

171 1378 247 1417 tos
294 1369 521 1430 decrevit,
570 1371 676 1432 lege
726 1371 1012 1432 Sempronia
1057 1372 1423 1420 succedendum
1480 1389 1581 1421 non
1627 1374 1826 1423 censuit.
1857 1399 1895 1429 15

173 1451 364 1496 Harum
390 1466 481 1511 ego
506 1449 852 1498 sententiarum
878 1459 925 1498 et
948 1450 1174 1512 princeps
1200 1459 1248 1498 et
1273 1460 1443 1500 auctor
1464 1452 1546 1510 fui,
1571 1469 1731 1516 neque
1749 1470 1828 1503 me

170 1529 460 1577 dissensioni
483 1546 621 1578 meae
644 1530 873 1592 pristinae
896 1531 1061 1593 putavi
1084 1530 1246 1593 potius
1270 1532 1500 1580 adsentiri
1524 1549 1671 1595 quam
1694 1550 1829 1596 prae-

170 1609 387 1657 sentibus
424 1609 493 1658 rei
529 1610 754 1673 publicae
795 1611 1095 1673 temporibus
1137 1620 1184 1659 et
1221 1613 1511 1661 concordiae
1551 1613 1824 1663 convenire.

170 1691 288 1737 Non
311 1689 443 1738 idem
468 1690 572 1737 aliis
596 1690 797 1739 videtur.
869 1693 991 1739 Sunt
1015 1693 1216 1739 fortasse
1241 1691 1291 1739 in
1316 1693 1555 1741 sententia
1577 1692 1824 1744 firmiores.

169 1772 501 1833 Reprehendo
539 1771 801 1832 neminem,
829 1774 916 1820 sed
948 1771 1196 1820 adsentior
1227 1788 1327 1820 non
1369 1773 1626 1824 omnibus:
1668 1789 1828 1836 neque
1853 1801 1895 1822 20

168 1868 275 1900 esse
319 1852 639 1900 inconstantis
679 1862 799 1915 puto
841 1854 1133 1902 sententiam
1171 1863 1423 1916 tamquam
1463 1855 1663 1918 aliquod
1699 1855 1829 1903 navi-

167 1931 301 1993 gium
348 1942 493 1994 atque
530 1949 725 1980 cursum
761 1949 822 1981 ex
855 1933 924 1981 rei
970 1934 1195 1996 publicae
1237 1942 1525 1998 tempestate
1570 1935 1825 1984 moderari.

81 2011 142 2058 62
169 2012 265 2059 Sed
290 2010 437 2073 siqui
473 2020 586 2060 sunt
621 2012 797 2074 quibus
833 2012 1076 2062 infinitum
1113 2013 1174 2062 sit
1211 2014 1381 2063 odium
1422 2014 1473 2062 in
1514 2031 1638 2076 quos
1675 2015 1827 2063 semel

168 2101 448 2154 susceptum
488 2101 573 2153 est,
614 2109 738 2155 quos
774 2093 919 2143 video
957 2111 1062 2143 esse
1104 2113 1204 2145 non
1243 2097 1416 2155 nullos,
1459 2111 1573 2143 cum
1619 2095 1827 2144 ducibus

165 2174 295 2237 ipsis,
323 2189 423 2221 non
447 2189 560 2220 cum
584 2173 820 2222 comitatu
838 2175 1321 2239 adsectatoribusque
1345 2175 1622 2237 confligant.
1682 2177 1825 2223 Illam
1852 2201 1892 2231 25

167 2253 298 2303 enim
322 2254 523 2302 fortasse
561 2253 878 2315 pertinaciam
917 2271 1017 2302 non
1047 2256 1179 2316 nulli,
1206 2256 1432 2304 virtutem
1456 2253 1538 2302 alii
1561 2256 1825 2317 putabunt:

166 2334 294 2381 hanc
328 2349 443 2382 vero
483 2333 789 2396 iniquitatem
828 2350 1001 2382 omnes
1039 2352 1152 2382 cum
1189 2335 1352 2398 aliqua
1388 2334 1672 2383 crudelitate
1713 2351 1826 2383 con-

165 2414 394 2462 iunctam.
467 2416 566 2463 Sed
589 2414 629 2463 si
654 2423 895 2463 certorum
930 2415 1186 2464 hominum
1226 2424 1416 2464 mentes
1456 2416 1590 2463 nulla
1622 2414 1823 2475 ratione,

164 2494 365 2554 iudices,
413 2496 604 2557 placare
650 2512 923 2557 possumus,
971 2506 1155 2545 vestros
1198 2498 1398 2560 quidem
1451 2495 1642 2544 animos
1693 2505 1824 2544 certe

165 2573 458 2622 confidimus
484 2590 585 2622 non
610 2574 827 2622 oratione
853 2583 1030 2635 nostra,
1057 2577 1144 2624 sed
1181 2575 1483 2624 humanitate
1521 2583 1680 2623 vestra
1718 2590 1823 2624 esse
1849 2602 1892 2631 30

164 2653 395 2714 placatos.

78 2733 140 2780 63
264 2732 513 2780 XXVIII.
587 2731 720 2792 Quid
745 2731 876 2780 enim
914 2741 986 2781 est
1022 2750 1109 2781 cur
1139 2751 1239 2783 non
1275 2734 1438 2797 potius
1474 2734 1540 2782 ad
1578 2749 1821 2782 summam

106 2816 108 2820 '
164 2810 360 2859 laudern
384 2810 499 2858 huic
533 2827 682 2873 quarn
717 2812 781 2859 ad
813 2810 1067 2859 minimam
1091 2814 1310 2862 fraudem
1336 2811 1557 2863 Caesaris
1581 2811 1822 2866 familiari-
