1956 3138
111 109 249 159 x111
274 105 359 175 30]
654 106 908 156 BALBO
958 105 1101 155 ORA
1111 104 1246 154 ΠΟ.
1718 118 1778 164 31

115 215 407 274 Menandro,
427 213 654 264 libertino
677 211 892 271 homine,
913 228 1060 275 quem
1079 211 1211 274 apud
1236 209 1444 260 maiores
1462 207 1608 271 legati
1631 209 1784 259 nostri

113 294 165 344 in
189 294 448 345 Graeciam
471 293 837 358 proficiscentes
860 292 1174 355 interpretem
1199 308 1365 340 secum
1404 291 1584 339 habere
1621 292 1785 339 volue-

98 385 240 436 runt,
265 377 330 426 ad
352 378 591 440 populum
626 377 778 425 latum
803 383 890 435 est,
916 384 971 423 ut
994 374 1034 422 is
1066 364 1328 434 Publicius,
1355 373 1396 422 si
1427 374 1631 423 domum
1655 389 1786 422 reve·

79 497 85 502 .
114 456 268 507 nisset
290 466 340 507 et
362 457 478 507 inde
502 459 718 506 Romam
741 455 960 514 redisset,
986 471 1051 504 ne
1079 454 1241 503 minus
1276 454 1394 503 civis
1420 465 1560 505 esset.
1636 454 1784 503 Multi

71 564 91 594 5
117 537 264 588 etiam
301 538 548 603 superiore
583 538 831 587 memoria·
855 537 986 586 cives
1028 537 1244 585 Romani
1285 553 1370 586 sua
1410 539 1678 599 voluntate,
1715 538 1785 586 in·

116 620 338 669 demnati
361 629 412 670 et
434 619 721 680 incolumeS‚
748 618 823 668 his
846 619 992 668 rebus
1023 617 1202 667 relictis
1234 618 1353 666 alias
1389 635 1441 668 se
1475 618 1527 667 in
1561 618 1783 667 civitates

114 702 439 751 contulerunt.

213 783 334 830 XII.
407 782 557 843 Quod
596 780 637 830 si
674 779 767 830 civi
792 782 1024 829 Romano
1048 779 1164 828 licet
1196 778 1301 828 esse
1338 779 1639 829 Gaditanum
1681 779 1781 828 sive
1806 779 1870 826 29

113 863 284 912 exsilio
319 862 420 912 sive
453 861 756 926 postliminio
803 861 903 911 sive
949 861 1214 910 reiectione
1260 861 1404 910 huius
1451 861 1783 910 civitatis—ut

42 952 88 991 ἰο
110 944 208 992 iam
237 944 303 993 ad
337 945 512 993 foedus
546 943 754 1003 veniam,
781 944 918 1006 quod
953 944 1018 992 ad
1055 959 1254 991 causam
1290 943 1412 991 nihil
1449 944 1674 1006 pertinet,
1719 945 1783 994 de

112 1023 320 1086 civitatis
358 1025 489 1074 enim
536 1023 655 1084 iure,
692 1040 796 1074 non
837 1025 900 1073 de
941 1024 1222 1073 foederibus
1262 1023 1782 1088 disceptamus—quid

113 1112 187 1154 eSt
209 1121 359 1168 quam
382 1106 449 1154 ob
472 1121 575 1153 rem
599 1104 693 1153 civi
718 1104 967 1154 Gaditano
991 1104 1041 1152 in
1066 1105 1195 1152 hanc
1219 1104 1465 1152 civitatem
1489 1105 1655 1154 venire
1678 1121 1782 1154 non

113 1186 292 1236 liceat?
362 1185 609 1249 Equidem
633 1187 778 1248 longe
803 1201 944 1234 secus
969 1185 1128 1234 sentio
1150 1203 1159 1233 :
1188 1201 1302 1232 nam
1328 1201 1441 1233 cum
1468 1202 1528 1234 ex
1553 1185 1781 1234 omnibus

113 1266 390 1316 civitatibus
413 1266 492 1316 via
515 1257 576 1315 sit
599 1266 651 1314 in
675 1275 891 1315 nostram
924 1281 1135 1328 cumque
1173 1265 1349 1314 nostris
1387 1265 1575 1314 civibus
1615 1274 1782 1328 pateat

49 1373 87 1403 ¹5
111 1348 176 1396 ad
215 1356 402 1397 ceteras
442 1346 533 1396 iter
567 1347 799 1407 civitates,
837 1355 943 1395 tum
983 1363 1112 1405 vero,
1152 1354 1205 1394 ut
1252 1362 1477 1409 quaeque
1523 1346 1789 1404 nobiscum-

113 1427 326 1478 maxime
363 1427 596 1476 societate
634 1427 850 1476 amicitia
892 1426 1156 1490 sponsione
1200 1427 1429 1490 pactione
1468 1428 1667 1477 foedere
1708 1438 1781 1477 est

113 1509 389 1569 coniuncta,
415 1509 484 1558 ita
514 1509 634 1558 mihi
665 1509 878 1559 maxime
902 1511 1251 1559 communione
1275 1511 1625 1560 beneficiorum
1650 1528 1783 1574 prae-

111 1589 322 1640 miorum
358 1590 565 1640 civitatis
596 1590 836 1640 contineri
865 1591 1068 1640 videtur.
1141 1592 1295 1655 Atqui
1333 1602 1524 1641 ceterae
1562 1591 1783 1640 civitates

112 1686 287 1720 omnes
322 1686 425 1719 non
472 1670 749 1719 dubitarent
795 1679 988 1719 nostros
1034 1671 1260 1720 homines
1306 1671 1524 1734 recipere
1569 1670 1621 1718 in
1669 1686 1780 1718 suas

46 1778 88 1800 20
109 1750 345 1811 civitateS,
372 1750 412 1800 si
435 1750 568 1800 idem
592 1767 684 1800 nos
724 1745 851 1800 iuris·
864 1752 1155 1801 haberemus
1180 1754 1314 1815 quod
1350 1753 1498 1802 ceteri
1508 1771 1523 1814 ;
1565 1753 1653 1801 sed
1687 1769 1780 1802 nos

110 1847 214 1880 non
250 1847 512 1894 possumus
550 1839 599 1880 et
629 1831 773 1880 huius
810 1848 916 1880 esse
946 1832 1152 1881 civitatis
1186 1842 1234 1881 et
1270 1833 1483 1882 cuiusvis
1515 1842 1778 1896 praeterea,

109 1912 284 1962 ceteris
314 1928 604 1961 concessum
633 1921 719 1962 est.
793 1914 970 1975 Itaque
1002 1913 1051 1961 in
1095 1913 1296 1962 Graecis
1331 1914 1608 1963 civitatibus
1650 1914 1781 1963 vide·
1805 1915 1869 1962 30

108 2007 234 2050 mus,
282 1991 491 2040 Athenis
549 1992 776 2041 Rhodios
828 1993 1264 2052 Lacedaemonios,
1314 2003 1503 2043 ceteros
1561 1994 1783 2057 undique

109 2072 285 2122 ascribi
307 2074 666 2136 multarumque
692 2090 798 2122 esse
831 2075 1032 2123 eosdem
1061 2074 1286 2123 homines
1321 2074 1591 2123 civitatum.
1666 2076 1782 2136 Quo

45 2179 84 2210 25
108 2170 267 2204 errore
308 2155 482 2204 ductos
516 2155 618 2204 vidi
653 2165 849 2218 egomet
894 2172 996 2204 non
1041 2157 1203 2204 nullos
1249 2155 1502 2218 imperitos
1538 2155 1779 2215 homines,

109 2246 302 2286 nostros
338 2236 471 2296 civis,
497 2236 704 2286 Athenis
739 2236 792 2285 in
828 2253 1034 2285 numero
1071 2236 1290 2285 iudicum
1332 2245 1482 2299 atque
1519 2225 1785 2300 Areopagi-

109 2325 283 2378 tarum,
317 2325 452 2365 certa
489 2316 630 2376 tribu,
673 2326 807 2366 certo
839 2333 1058 2376 numero,
1098 2333 1210 2365 cum
1246 2317 1538 2380 ignorarent,
1573 2317 1614 2366 si
1649 2317 1783 2366 illam

109 2396 355 2446 civitatem
389 2406 553 2447 essent
577 2397 758 2460 adepti,
785 2398 913 2446 hanc
949 2414 1000 2446 se
1035 2397 1321 2460 perdidisse,
1349 2397 1443 2446 nisi
1478 2397 1784 2460 postliminio

109 2486 488 2541 recuperassent.
561 2478 750 2527 Peritus
795 2495 911 2527 vero
970 2477 1122 2526 nostri
1167 2478 1316 2526 moris
1363 2495 1422 2526 ac
1468 2478 1583 2527 iuris
1630 2495 1782 2529 nemo

43 2581 89 2612 30
108 2571 356 2618 umquam,
384 2555 469 2619 qui
492 2556 621 2605 hanc
643 2556 890 2605 civitatem
913 2555 1120 2605 retinere
1145 2557 1308 2616 vellet,
1334 2555 1386 2604 in
1410 2555 1555 2604 aliam
1581 2572 1633 2604 se
1671 2555 1784 2604 civi-

108 2644 260 2686 tatem
284 2636 478 2687 dicavit.
620 2694 623 2696 ,

209 2716 366 2767 ΧΙΙῙ.
438 2717 541 2784 Sed⁴
558 2705 641 2767 hic
663 2726 794 2768 totus
818 2720 956 2769 locus
989 2718 1336 2782 disputationis
1377 2729 1524 2782 atque
1549 2718 1780 2768 orationis

110 2816 264 2862 meae,
290 2799 492 2861 iudices,
516 2800 723 2864 pertinet
747 2802 812 2851 ad
836 2819 1100 2852 commune
1125 2801 1198 2851 ius
1235 2803 1580 2851 mutandarum
1616 2802 1782 2851 civita-
