1956 3138
177 192 237 233 24
658 172 806 222 PRO
849 173 907 221 L.
963 169 1339 237 CORNELIO
1674 164 1772 235 [1v
1792 183 1823 232 9

172 282 398 332 viderunt
436 298 583 346 quam
619 281 700 330 hic
736 279 1078 344 triumphavit?
1150 279 1249 341 Qui
1272 288 1344 328 tot
1368 279 1516 328 habet
1538 277 1822 340 triumphOS,

173 371 295 425 quot
339 378 450 411 orae
497 370 608 410 sunt
653 369 910 423 partesque
950 368 1194 418 terrarum,
1236 367 1310 407 tot
1349 357 1823 417 victoriasbellicas,

173 451 292 504 quot
324 450 435 490 sunt
466 441 516 488 in
548 457 706 489 rerum
737 448 907 487 natura
937 455 1113 502 genera
1140 439 1406 489 bellorum?
1440 431 1827 500 Aningenium?

175 521 269 570 Cui
302 521 447 570 etiam
477 520 567 582 ipsi
596 535 736 567 casus
774 527 1071 579 eventusque
1107 533 1267 566 rerum
1305 533 1406 565 non
1439 517 1601 575 duces,
1634 517 1722 564 sed
1748 531 1828 565 co-

174 601 315 649 mites
341 600 653 648 consiliorum
677 601 908 647 fuerunt?
977 599 1039 647 In
1075 614 1172 660 quo
1195 614 1295 646 uno
1329 597 1396 645 ita
1420 612 1611 645 summa
1639 597 1828 644 fortuna
1873 621 1892 651 5

174 697 285 729 cum
310 697 499 729 summa
521 680 696 728 virtute
728 679 940 739 certavit,
966 687 1020 727 ut
1045 679 1265 727 omnium
1290 678 1473 727 iudicio
1501 678 1610 740 plus
1639 675 1828 726 homini

175 777 321 823 quam
354 761 475 808 deae
505 759 819 808 tribueretur?
864 761 944 807 An
984 760 1155 821 pudor,
1182 775 1244 806 an
1276 757 1538 820 integritas,
1564 773 1628 805 an
1661 755 1828 819 religio

175 840 225 888 in
250 857 324 899 eo,
349 857 412 888 an
437 839 686 902 diligentia
708 855 942 902 umquam
963 839 1194 902 requisita
1212 842 1314 889 est?
1364 840 1526 900 Quem
1550 837 1827 901 provinciae

175 929 381 980 nostrae,
430 936 576 983 quem
622 919 759 969 liberi
803 919 988 982 populi,
1044 936 1188 982 quem
1235 936 1385 983 reges,
1433 935 1579 982 quem
1630 917 1830 966 ultimae

174 1009 342 1063 gentes
374 999 628 1048 castiorem
662 998 1037 1047 moderatiorem
1074 1000 1364 1046 sanctiorem
1395 1014 1498 1046 non
1527 999 1679 1047 modo
1701 997 1831 1046 vide·
1856 1024 1898 1045 10

174 1088 297 1139 runt,
332 1081 420 1128 sed
450 1089 533 1128 aut
565 1080 806 1142 sperando
837 1095 1072 1141 umquam
1110 1087 1191 1127 aut
1223 1079 1442 1141 optando
1473 1078 1832 1141 cogitaverunt?

92 1161 151 1207 10
180 1159 314 1220 Quid
349 1159 509 1208 dicam
548 1160 609 1207 de
645 1158 960 1206 auctoritate?
1033 1159 1172 1219 Quae
1197 1166 1332 1205 tanta
1356 1166 1442 1217 est,
1469 1164 1652 1219 quanta
1681 1156 1731 1204 in
1755 1155 1830 1204 his

174 1239 320 1288 tantis
342 1239 596 1288 virtutibus
620 1255 677 1287 ac
700 1238 923 1287 laudibus
964 1255 1068 1287 esse
1100 1239 1258 1287 debet.
1331 1238 1425 1288 Cui
1456 1246 1651 1287 senatus
1681 1253 1834 1301 popu-

174 1321 345 1381 lusque
377 1321 630 1367 Romanus
663 1318 987 1381 amplissimae
1027 1318 1272 1381 dignitatis
1307 1319 1522 1381 praemia
1557 1318 1694 1368 dedit
1730 1332 1832 1367 non

175 1398 455 1461 postulanti,
481 1398 682 1460 imperia
713 1415 828 1447 vero
872 1398 1016 1446 etiam
1054 1398 1305 1458 recusanti,
1333 1398 1473 1446 huius
1506 1399 1568 1447 de
1598 1399 1742 1456 facto,
1767 1397 1835 1446 iu·
1859 1424 1896 1453 15

178 1478 325 1537 dices,
350 1478 417 1525 ita
441 1477 618 1540 quaeri,
644 1486 697 1525 ut
720 1477 772 1526 id
802 1487 983 1540 agatur,
1010 1478 1258 1526 licueritne
1283 1477 1327 1526 ei
1351 1479 1521 1537 facere,
1549 1478 1682 1540 quod
1703 1476 1830 1536 fecit,

178 1573 241 1605 an
276 1573 407 1617 vero,
441 1574 540 1605 non
579 1557 754 1617 dicam,
789 1573 889 1605 non
926 1557 1126 1616 licuerit,
1167 1558 1253 1605 sed
1288 1558 1423 1605 nefas
1458 1556 1833 1605 fuerit—contra

178 1638 351 1686 foedus
387 1637 529 1697 enim,
567 1637 618 1686 id
665 1647 738 1686 est
783 1647 952 1686 contra
996 1637 1166 1700 populi
1218 1637 1432 1685 Romani
1470 1636 1751 1700 religionem
1785 1645 1832 1686 et

176 1719 326 1766 fidem
369 1718 537 1766 fecisse
588 1717 930 1766 dicitur—non
974 1727 1113 1780 turpe
1157 1719 1342 1780 populo
1390 1720 1630 1778 Romano,
1668 1734 1832 1768 nonne

94 1799 152 1845 11
179 1798 348 1847 vobis?
415 1800 475 1847 V.
546 1798 729 1846 Audivi
760 1799 856 1846 hoc
887 1800 949 1846 de
973 1807 1172 1860 parente
1196 1814 1308 1847 meo
1330 1814 1471 1860 puer:
1507 1814 1619 1846 cum
1644 1799 1703 1860 Q.
1733 1801 1836 1848 Me·
1858 1825 1900 1847 20

180 1880 324 1927 tellus
350 1878 471 1926 Luci
503 1878 629 1926 filius
662 1895 856 1926 causam
891 1880 952 1927 de
978 1878 1197 1941 pecuniis
1229 1878 1509 1941 repetundis
1534 1878 1728 1939 diceret,
1753 1879 1833 1928 ille

180 1959 261 2007 ille
292 1958 377 2018 vir,
407 1958 485 2006 cui
526 1957 709 2020 patriae
742 1959 869 2006 salus
902 1957 1088 2006 dulcior
1118 1974 1264 2020 quam
1297 1966 1587 2020 conspectus
1616 1957 1720 2016 fuit,
1751 1958 1834 2021 qui

183 2039 245 2086 de
280 2037 475 2086 civitate
515 2039 754 2086 decedere
786 2054 932 2100 quam
965 2039 1027 2086 de
1059 2038 1297 2086 sententia
1326 2037 1656 2087 maluit—hoc
1693 2038 1836 2102 igitur

183 2134 378 2167 causam
422 2118 628 2178 dicente,
672 2135 783 2166 cum
829 2118 978 2180 ipsius
1013 2120 1207 2167 tabulae
1242 2118 1659 2167 circumferrentur
1690 2118 1836 2182 inspi-

184 2197 346 2246 ciendi
384 2198 596 2246 nominis
628 2215 784 2257 causa,
816 2198 960 2246 fuisse
996 2199 1207 2247 iudicem
1243 2215 1303 2247 ex
1335 2198 1427 2247 illis
1463 2198 1704 2261 equitibus
1739 2201 1836 2248 Ro⁷
1859 2227 1898 2255 25

183 2277 354 2336 manis,
380 2277 667 2340 gravissimis
697 2277 822 2336 viris,
854 2277 1098 2326 neminem
1132 2277 1250 2340 quin
1283 2286 1551 2326 removeret
1583 2280 1752 2327 oculos
1785 2290 1835 2329 et

186 2373 237 2404 se
260 2365 417 2404 totum
441 2365 686 2416 averteret,
713 2373 776 2405 ne
800 2359 934 2416 forte,
962 2359 1095 2419 quod
1119 2357 1198 2405 ille
1217 2357 1267 2405 in
1291 2358 1480 2405 tabulas
1502 2357 1720 2420 publicas
1743 2367 1832 2407 ret·

185 2435 383 2494 tulisset,
413 2435 659 2489 dubitasse
686 2436 957 2498 quisquam,
982 2453 1212 2485 verumne
1243 2453 1306 2484 an
1337 2438 1510 2485 falsum
1545 2446 1672 2486 esset
1705 2438 1831 2488 vide·

185 2524 337 2564 retur:
378 2531 468 2563 nos
507 2517 595 2565 Cn.
625 2516 828 2578 Pompei
870 2518 1118 2564 decretum
1155 2518 1217 2565 de
1258 2516 1429 2565 consili
1469 2517 1708 2566 sententia
1729 2534 1826 2580 pro

187 2595 462 2643 nuntiatum
498 2599 939 2658 recognoscemus?
1011 2598 1139 2646 Cum
1170 2596 1356 2658 legibus
1379 2597 1696 2656 conferemus,
1721 2613 1830 2646 cum
1859 2624 1900 2654 30

187 2673 498 2722 foederibus?
575 2674 1103 2743 Omniapxacerbissima
1147 2674 1395 2737 diligentia
1438 2676 1834 2738 perpendemus?

105 2753 164 2799 12
189 2752 394 2800 Athenis
417 2752 565 2812 aiunt,
591 2770 702 2800 cum
727 2753 924 2816 quidam
949 2755 1079 2816 apud
1103 2770 1201 2813 eOS,
1229 2754 1312 2816 qui
1337 2763 1503 2803 sancte
1534 2754 1834 2818 graviterque

190 2831 399 2892 vixisset,
425 2832 755 2882 testimonium
779 2833 971 2896 publice
1006 2833 1204 2883 dixisset
1228 2843 1290 2894 et,
1315 2843 1370 2883 ut
1399 2849 1506 2883 mos
1538 2835 1831 2884 Graecorum
