1956 3138
154 152 228 201 vi
259 147 341 218 15]
688 152 942 202 BALBO
993 153 1136 202 ΘΚΑ
1148 153 1281 203 Tso.
1759 171 1816 221 25

154 267 241 319 est,
258 258 449 309 iurandi
473 275 619 309 causa
642 261 707 309 ad
729 276 835 309 aras
859 261 1130 322 accederet,
1156 277 1254 309 una
1289 276 1410 310 voce
1435 277 1607 311 omnes
1633 261 1820 312 iudices

150 356 216 391 ne
237 339 279 390 is
312 340 490 390 iuraret
522 342 823 391 reclamasse.
852 344 854 347 ’
896 342 1072 391 Graeci
1106 342 1331 391 homines
1366 342 1572 404 spectati
1610 342 1698 392 viri
1734 359 1819 392 no-

149 420 345 468 luerunt
366 419 599 483 religione
622 419 776 469 videri
798 420 962 483 potius
986 437 1135 484 quam
1158 421 1359 471 veritate
1382 423 1532 471 fidem
1557 438 1663 470 esse
1700 438 1814 471 con-

147 499 391 551 strictami
425 516 518 550 nos
542 499 690 549 etiam
713 500 762 549 in
787 500 894 564 ipsa
926 502 1159 565 religione
1192 511 1240 551 et
1275 505 1438 566 legum
1474 513 1522 553 et
1556 505 1811 553 foederum

104 604 123 636 5
148 580 484 630 conservanda
507 580 663 643 qualis
677 580 818 629 fuerit
844 582 935 631 Cn.
958 582 1225 645 Pompeius
1241 583 1606 632 dubitabimus?
1632 586 1812 634 Utrum
1840 585 1902 632 13

150 660 281 710 enim
316 661 551 710 scientem
586 661 730 710 voltis
765 672 935 711 contra
957 663 1156 712 foedera
1187 663 1359 713 fecisse
1391 681 1454 712 an
1491 664 1810 713 inscientem?

146 740 196 790 Si
220 740 555 790 scientem—o
600 757 784 791 nomen
830 742 982 791 nostri
1027 743 1228 806 imperil
1301 745 1346 794 O
1382 744 1552 807 populi
1594 743 1811 793 Romani

139 821 388 887 pxcellens
412 821 623 885 dignitas
647 826 657 872 l
729 824 776 873 O
802 825 889 874 Cn.
912 824 1116 886 Pompei
1141 824 1210 873 sic
1233 826 1328 873 late
1361 826 1604 888 longeque
1633 825 1810 874 diffusa

146 901 265 960 laus,
303 909 359 950 ut
403 900 507 953 eius
543 901 726 965 gloriae
764 902 1067 952 domicilium
1105 904 1380 952 communis
1417 903 1590 967 imperi
1629 904 1807 952 finibus

84 1009 126 1033 ιο
141 982 462 1033 terminetur!
554 985 600 1034 O
646 983 870 1033 nationes
916 986 1061 1033 urbes
1107 985 1291 1047 populi,
1340 1001 1477 1048 reges
1539 986 1808 1034 tetrarchae

141 1063 333 1128 tyranni
372 1073 521 1114 testes
557 1066 647 1115 Cn.
678 1064 884 1127 Pompei
918 1081 1021 1113 non
1058 1067 1217 1113 solum
1241 1065 1429 1114 virtutis
1461 1065 1512 1114 in
1546 1067 1690 1127 bello,
1718 1066 1801 1115 sed

141 1145 291 1194 etiam
313 1144 560 1208 religionis
582 1145 634 1193 in
657 1161 780 1208 pace
800 1149 810 1194 l
886 1147 991 1194 Vos
1020 1145 1248 1208 denique,
1275 1156 1439 1195 mutae
1457 1146 1693 1209 regioneS,
1719 1145 1807 1194 im-

137 1229 293 1292 ploro,
314 1236 362 1277 et
384 1229 489 1276 sola
512 1236 743 1277 terrarum
766 1227 1043 1276 ultimarum
1054 1245 1068 1289 3
1101 1244 1204 1287 vos,
1231 1228 1382 1276 maria
1408 1237 1591 1290 portus,
1617 1227 1804 1276 insulae

138 1305 280 1355 litora
301 1309 312 1356 Ξ
379 1307 521 1368 Quae
546 1315 620 1355 est
642 1306 774 1355 enim
799 1323 896 1366 ora,
916 1323 1041 1369 quae
1067 1308 1222 1367 sedes,
1240 1306 1323 1369 qui
1347 1309 1485 1355 locus
1503 1307 1554 1355 in
1579 1323 1677 1369 quo
1702 1322 1803 1355 non

75 1412 114 1444 ις
140 1397 332 1438 exstent
361 1388 506 1437 huius
545 1405 659 1437 cum
698 1388 993 1437 fortitudinis
1034 1397 1137 1436 tum
1178 1404 1291 1436 vero
1333 1387 1661 1448 humanitatis,
1688 1404 1801 1435 cum

137 1468 288 1518 animi
321 1478 429 1518 tum
465 1469 639 1518 consili
674 1469 909 1532 impressa
942 1469 1182 1531 vestigia?
1252 1471 1404 1517 Hunc
1439 1469 1696 1532 quisquam
1733 1468 1802 1516 in-

61 1537 64 1541 *
135 1552 357 1603 credibili
391 1554 606 1616 quadam
631 1562 778 1616 atque
802 1553 1021 1602 inaudita
1052 1552 1286 1615 gravitate
1319 1552 1494 1602 virtute
1525 1551 1800 1601 constantia

131 1634 408 1699 praeditum
443 1636 641 1684 foedera
676 1634 911 1684 scientem
951 1634 1221 1697 neglexisse
1261 1634 1467 1683 violasse
1504 1633 1690 1696 rupisse
1730 1632 1799 1681 di-

131 1731 242 1769 cere
286 1714 527 1764 audebit?
615 1716 704 1763 VI.
794 1714 1103 1763 Gratificatur
1149 1713 1269 1762 mihi
1314 1724 1454 1777 gestu
1514 1723 1794 1764 accusator:
1823 1713 1885 1760 14

64 1821 106 1844 20
129 1787 416 1845 inscientem
463 1796 554 1846 Cn.
604 1795 897 1858 Pompeium
943 1794 1114 1843 fecisse
1162 1794 1412 1858 significat.
1487 1794 1641 1856 Quasi
1678 1811 1793 1843 vero

128 1877 322 1927 levioris
366 1876 440 1936 sit,
484 1893 597 1926 cum
643 1876 695 1925 in
740 1886 875 1926 tanta
914 1893 966 1925 re
1006 1876 1205 1939 publica
1243 1893 1430 1926 versere
1478 1885 1527 1925 et
1571 1876 1795 1925 maximis

126 1956 335 2021 negotiis
356 1957 553 2021 praesis,
578 1958 736 2006 facere
760 1957 944 2020 aliquid
983 1958 1120 2019 quod
1158 1957 1281 2006 scias
1319 1974 1420 2006 non
1456 1956 1616 2016 licere,
1643 1973 1792 2020 quam

126 2038 329 2088 omnino
352 2055 454 2088 non
477 2038 599 2088 scire
624 2038 741 2102 quid
766 2038 923 2087 liceat.
970 2038 1167 2086 Etenim
1191 2048 1354 2087 utrum
1373 2038 1457 2102 qui
1474 2039 1525 2087 in
1545 2038 1789 2101 Hispania

123 2120 307 2170 bellurn
328 2119 617 2168 acerrimum
642 2129 691 2168 et
713 2119 982 2168 maximum
1017 2129 1230 2182 gesserat
1264 2137 1362 2183 quo
1400 2120 1503 2169 iure
1544 2120 1791 2170 Gaditana

57 2226 98 2257 25
121 2200 290 2250 civitas
313 2209 440 2249 esset
463 2200 726 2259 nesciebat,
752 2217 830 2260 an,
857 2217 971 2248 cum
995 2200 1070 2248 ius
1094 2200 1220 2249 illius
1244 2201 1415 2264 populi
1441 2212 1621 2261 nosset,
1647 2201 1789 2251 inter-

121 2279 444 2344 pretationem
466 2280 675 2329 foederis
700 2297 802 2329 non
834 2282 1062 2330 tenebat?
1134 2283 1197 2331 Id
1220 2281 1363 2345 igitur
1397 2282 1655 2345 quisquam
1691 2284 1781 2332 Cn.

122 2359 415 2424 Pompeium
449 2360 696 2424 ignorasse
729 2361 891 2410 dicere
932 2365 1147 2427 audebit,
1174 2365 1309 2427 quod
1343 2364 1615 2413 mediocres
1655 2364 1808 2413 homi-

119 2456 223 2501 nes,
258 2441 395 2503 quod
438 2442 575 2490 nullo
610 2457 718 2501 usu,
759 2443 893 2491 nullo
943 2444 1107 2494 studio
1153 2443 1360 2508 praediti
1400 2443 1607 2503 militari,
1646 2445 1783 2506 quod

117 2521 347 2570 librarioli
378 2517 590 2585 denique
632 2522 752 2571 scire
794 2524 1147 2585 profiteantur?
1217 2523 1461 2587 Equidem
1502 2534 1672 2574 contra
1706 2541 1782 2573 ex·
1808 2525 1867 2573 15

38 2595 93 2660 '30
114 2600 292 2660 istimo‚
331 2601 531 2664 iudices,
575 2619 689 2652 cum
731 2603 783 2652 in
824 2605 959 2659 omni
1005 2622 1184 2668 genere
1225 2622 1283 2653 ac
1319 2605 1549 2654 varietate
1588 2605 1778 2666 artium,

114 2678 263 2729 etiam
286 2679 490 2741 illarum,
516 2697 644 2744 quae
681 2680 785 2730 sine
827 2698 1020 2732 summo
1058 2685 1160 2733 otio
1197 2700 1298 2733 non
1335 2684 1475 2732 facile
1511 2685 1775 2744 discuntur,

114 2761 207 2811 Cn.
247 2760 511 2823 Pompeius
549 2762 768 2821 excellat,
817 2762 1106 2825 singularem
1148 2765 1395 2826 quandam
1435 2765 1632 2813 laudem
1673 2765 1776 2814 eius

112 2841 454 2905 praestabilem
485 2857 591 2892 esse
630 2841 883 2892 scientiam
914 2844 964 2892 in
1002 2846 1281 2895 foederibus
1315 2846 1623 2910 pactionibus
1659 2863 1775 2895 con·
