1956 3138
135 150 292 205 XXII
317 146 403 217 50]
671 142 924 198 BALBO
974 146 1119 198 ΘΚΑ
1129 146 1213 196 TI
1210 146 1264 195 0.
1739 157 1766 204 3
1776 157 1803 204 9

136 273 239 309 non
260 273 368 308 esse
390 257 589 315 factum,
614 253 814 304 videbat
838 252 970 303 enim
994 253 1206 315 populos
1230 252 1294 301 de
1326 266 1415 300 suo
1452 248 1567 310 iure,
1594 265 1698 298 non
1738 250 1803 298 de

135 347 303 393 nostro
338 338 520 388 fundos
559 334 664 385 fieri
703 336 875 394 solere,
912 334 1001 383 sed
1037 349 1151 381 cum
1188 334 1297 396 lege
1332 330 1544 395 Apuleia
1580 328 1803 379 coloniae

134 433 238 469 non
260 426 425 468 essent
446 417 703 477 deductae,
729 431 828 479 qua
850 416 957 478 lege
981 413 1268 463 Saturninus
1293 414 1349 463 C.
1373 411 1534 461 Mario
1553 411 1728 460 tulerat
1750 418 1805 458 ut

136 498 188 550 in
233 499 449 563 singulas
495 497 715 548 colonias
762 506 927 546 ternos
965 495 1084 544 civis
1126 497 1383 544 Romanos
1421 495 1583 543 facere
1619 499 1801 556 posset,

93 606 114 637 ς
134 581 345 644 negabat
361 581 458 629 hoc
480 579 776 629 beneficium
798 594 850 627 re
874 577 980 641 ipsa
1003 578 1195 626 sublata
1216 578 1377 626 valere
1400 575 1593 625 debere.
1666 572 1803 622 Nihil
1826 571 1890 620 49

135 663 285 712 habet
308 660 640 711 similitudinis
662 660 755 709 ista
777 658 1039 719 accusatio,
1067 659 1155 708 sed
1178 667 1343 706 tamen
1368 666 1506 706 tanta
1539 654 1802 704 auctoritas

135 740 189 792 in
228 741 285 792 C.
330 739 492 791 Mario
530 739 635 800 fuit,
678 749 732 788 ut
769 755 871 788 non
908 755 996 802 per
1033 741 1088 787 L.
1131 739 1375 797 Crassum,
1409 737 1606 785 affinem
1643 751 1800 795 suum,

135 821 389 872 hominem
426 820 701 870 incredibili
736 819 1032 883 eloquentia,
1059 820 1148 868 sed
1185 817 1353 881 paucis
1381 817 1486 880 ipse
1509 814 1668 865 verbis
1691 831 1804 864 cau-

136 918 241 952 sam
263 901 398 951 illam
419 901 655 965 gravitate
679 918 769 950 sua
803 902 1076 950 defenderit
1118 909 1166 949 et
1205 899 1435 963 probarit.
1508 897 1632 959 Quis
1670 896 1802 946 enim

74 1011 113 1031 ,ο
134 991 276 1044 esset,
300 981 502 1044 iudices,
529 982 614 1045 qui
637 981 1012 1046 imperatoribus
1035 980 1213 1030 nostris
1254 980 1305 1029 in
1342 981 1488 1038 bello,
1514 979 1565 1027 in
1605 978 1723 1039 acie,
1751 978 1802 1027 in

135 1065 351 1117 exercitu
391 1066 622 1115 dilectum
663 1065 865 1125 virtutis,
900 1065 984 1128 qui
1025 1063 1185 1128 sociis,
1216 1062 1301 1126 qui
1336 1060 1597 1111 foederatis
1633 1060 1684 1109 in
1722 1061 1804 1109 de-

134 1147 384 1198 fendenda.
405 1164 457 1197 re
490 1146 687 1211 publica
726 1156 892 1196 nostra
933 1163 1071 1210 spem
1111 1144 1438 1209 praemiorum
1479 1142 1598 1205 eripi
1621 1142 1802 1190 vellet?

136 1227 290 1290 Quod
324 1226 365 1276 si
402 1228 563 1276 voltus
599 1229 655 1279 C.
686 1226 827 1286 Mari,
855 1226 894 1274 si
930 1243 1040 1284 vox,
1084 1225 1126 1274 si
1164 1225 1246 1273 ille
1283 1223 1620 1287 imperatorius
1659 1222 1803 1271 ardor

135 1310 406 1368 oculorum,
433 1307 474 1357 si
507 1316 729 1357 recentes
764 1306 1010 1370 triumphi,
1037 1306 1076 1355 si
1111 1321 1342 1369 praesens
1375 1303 1527 1353 valuit
1562 1311 1802 1366 aspectus,

71 1413 110 1444 15
131 1389 293 1438 valeat
324 1386 600 1446 auctoritas,
627 1387 821 1434 valeant
854 1402 930 1434 res
966 1394 1147 1448 gestae,
1172 1386 1333 1433 valeat
1366 1382 1617 1443 memoria,
1642 1383 1803 1431 valeat

133 1470 383 1526 fortissimi
407 1479 456 1520 et
479 1468 732 1518 clarissimi
755 1468 844 1517 viri
868 1484 1052 1517 nomen
1076 1476 1343 1516 aeternum.
1413 1466 1484 1516 Sit
1514 1467 1612 1515 hoc
1639 1464 1803 1514 discri-

133 1568 250 1601 men
286 1551 413 1601 inter
450 1549 688 1614 gratiosos
729 1548 848 1598 civis
889 1557 1037 1611 atque
1074 1548 1224 1608 forti5‚
1251 1556 1306 1596 ut
1344 1545 1415 1595 illi
1448 1545 1548 1595 'vivi
1583 1547 1804 1595 fruantur

133 1632 312 1696 opibus
358 1631 472 1691 suis,
514 1631 691 1678 horum
729 1629 877 1678 etiam
918 1638 1236 1692 mortuorum,
1277 1627 1317 1676 si
1363 1626 1621 1690 quisquam
1657 1625 1801 1675 huius

131 1712 304 1778 imperi
349 1714 579 1763 defensor
624 1710 749 1760 mori
795 1719 972 1774 potest,
1014 1709 1146 1759 vivat
1191 1708 1454 1757 auctoritas
1500 1707 1798 1757 immortalis.

67 1820 111 1842 ιο
132 1795 300 1842 XXII.
386 1793 557 1855 Quid?
641 1793 733 1842 Cn.
783 1790 1050 1854 Pompeius
1089 1799 1228 1854 pater
1271 1791 1416 1838 rebus
1454 1788 1630 1837 Italico
1671 1789 1800 1838 bello
1826 1788 1888 1837 50

133 1873 359 1924 maximis
393 1873 543 1938 gestis
584 1874 637 1922 P.
666 1871 913 1932 Caesium,
941 1870 1155 1934 equitem
1196 1873 1495 1930 Romanum,
1520 1868 1676 1917 virum
1715 1870 1802 1918 bo-

133 1973 268 2018 num,
303 1955 390 2020 qui
433 1954 566 2015 vivit,
609 1956 967 2012 Ravennatem,
1006 1953 1259 2002 foederato
1300 1968 1360 2000 ex
1393 1951 1594 2014 populo,
1634 1966 1800 1999 nonne

131 2030 329 2089 civitate
361 2036 593 2087 donavit?
621 2035 780 2099 quid?
811 2033 1026 2083 cohortis
1062 2035 1184 2083 duas
1211 2032 1460 2082 universas
1499 2031 1801 2082 Camertium

134 2121 193 2170 C.
220 2118 444 2168 Marius?
485 2117 640 2182 quid?
710 2115 1084 2165 Heracliensem
1125 2116 1333 2164 Alexam
1374 2116 1427 2163 P.
1474 2114 1693 2174 Crassus,
1727 2112 1802 2161 vir

67 2226 108 2257 ας
132 2199 475 2264 amplissimus,
501 2215 563 2249 ex
597 2214 656 2247 ea
690 2196 901 2256 civitate,
927 2212 1141 2259 quacum
1175 2211 1330 2259 prope
1365 2193 1605 2257 singulare
1627 2195 1800 2243 foedus

133 2279 304 2344 Pyrrhi
326 2279 627 2343 temporibus
653 2279 708 2328 C.
738 2276 963 2326 Fabricio
987 2278 1189 2326 consule
1212 2276 1365 2325 ictum
1388 2278 1620 2338 putatur?
1644 2275 1764 2338 quid
1778 2277 1801 2324 ?

134 2360 495 2411 Massiliensem
518 2359 801 2408 Aristonem
826 2360 880 2407 L.
908 2359 1078 2408 Sulla?
1112 2357 1271 2421 quid?
1306 2357 1540 2420 quoniam
1565 2358 1628 2406 de
1653 2356 1801 2406 Gadi-

133 2440 261 2491 tanis
307 2440 511 2504 agimuS‚
553 2439 687 2489 idern
734 2455 898 2488 servos
944 2455 1125 2488 novem
1172 2437 1483 2488 Gaditanos?
1529 2437 1685 2500 quid?
1729 2437 1801 2486 vir

132 2520 464 2571 sanctissimus
499 2528 548 2570 et
583 2535 774 2569 summa
806 2518 1040 2582 religione
1076 2535 1135 2567 ac
1169 2518 1427 2577 modestia,
1467 2518 1526 2579 Q.
1567 2518 1799 2566 Metellus

67 2628 110 2662 30
132 2602 265 2664 Pius,
292 2602 354 2664 Q.
381 2600 590 2651 Fabium
614 2599 981 2664 Saguntinum?
1050 2599 1220 2662 Quid?
1244 2598 1338 2660 hic,
1365 2598 1450 2661 qui
1473 2600 1626 2658 adest,
1646 2614 1677 2646 a
1699 2613 1799 2661 quo

131 2683 257 2733 haec
289 2697 416 2745 quae
439 2697 534 2745 ego
563 2696 698 2729 nunc
731 2696 974 2743 percurro,
999 2679 1313 2728 subtilissime
1349 2688 1462 2728 sunt
1494 2678 1660 2728 omnia
1693 2694 1801 2741 per-

131 2762 301 2827 polita,
351 2763 424 2811 M.
467 2763 684 2822 Crassu5‚
731 2777 834 2810 non
880 2759 1209 2809 Aveniensem
1254 2761 1561 2810 foederatum
1607 2759 1801 2810 civitate

133 2843 352 2905 donavit,
373 2843 527 2893 horno
550 2859 665 2894 cum
687 2842 920 2906 gravitate
945 2851 993 2891 et
1015 2840 1273 2906 prudentia
1307 2851 1558 2905 praestans
1593 2849 1699 2889 tum
1722 2840 1801 2890 vel
