1956 3138
159 164 221 224 38
643 161 793 212 PRO
837 162 895 211 L.
953 160 1331 211 CORNELIO
1607 157 1728 229 [xx
1749 145 1823 226 45'

159 269 213 318 C.
261 268 514 332 Aquilium
561 269 949 329 consulebamUS‚
988 270 1123 331 quod
1187 268 1408 318 assiduus
1454 284 1570 318 usus
1614 267 1701 318 uni
1744 266 1815 318 rei

158 347 352 397 deditus
376 357 424 397 et
446 347 696 411 ingenium
730 356 780 397 et
815 357 967 396 artem
1005 365 1151 411 saepe
1191 348 1356 409 vincit,
1382 347 1498 411 quis¹
1524 347 1713 398 dubitet
1752 349 1816 398 de

156 428 435 477 foederibus
460 438 508 477 et
531 428 594 476 de
617 435 722 477 toto
757 427 860 477 iure
890 427 1025 491 pacis
1057 437 1107 477 et
1146 428 1260 478 belli
1289 427 1516 478 omnibus
1546 427 1661 478 iuris
1696 427 1818 492 peri·

71 507 134 556 46
161 508 354 557 tissimis
378 508 693 571 imperatores
734 517 926 557 nostros
965 510 1236 559 anteferre?
1304 511 1636 558 Possumusne
1674 507 1819 572 igitur

160 588 248 637 tibi
270 590 478 652 probare
502 596 751 637 auctorem
790 588 999 652 exempli
1028 598 1174 652 atque
1211 589 1326 638 facti
1362 589 1505 650 illius,
1531 590 1665 652 quod
1704 606 1734 639 a
1768 598 1817 639 te
1865 613 1884 646 5

159 665 538 728 reprehenditur,
589 666 644 714 C.
697 665 946 714 Marium?
1038 666 1242 728 Quaeris
1299 666 1512 728 aliquem
1552 665 1818 729 graviorem

159 746 538 795 constantiorem
583 746 987 809 praestantiorem
1032 747 1208 797 virtute
1261 746 1534 811 prudentia,
1589 745 1822 810 religione

161 824 443 888 aequitate?
498 827 549 874 Is
584 825 728 889 igitur
763 825 1073 888 Iguvinatem
1110 828 1179 875 M.
1208 826 1426 875 Annium
1461 825 1694 889 Appium,
1731 826 1824 875 for·

161 906 401 955 tissimum
428 906 596 968 virum,
625 923 816 955 summa
851 907 1026 957 virtute
1056 909 1346 971 praeditum,
1377 907 1571 957 civitate
1606 907 1821 968 donavit,

161 986 295 1036 idem
340 987 555 1036 cohortis
603 988 725 1036 duas
771 986 1020 1037 universas
1069 987 1385 1048 Camertium,
1433 1004 1548 1036 cum
1594 985 1827 1038 Camerti·
1850 1013 1890 1036 ιο

162 1084 284 1116 num
314 1069 566 1117 foederum
601 1067 958 1117 sanctissimum
990 1077 1137 1131 atque
1165 1067 1509 1131 aequissimum
1537 1067 1679 1118 sciret
1701 1085 1822 1119 esse.

165 1149 334 1197 Potest
365 1147 522 1210 igitur,
547 1147 749 1210 iudices,
778 1150 832 1198 L.
874 1149 1134 1201 Cornelius
1172 1148 1504 1209 condemnari,
1530 1158 1586 1198 ut
1624 1165 1728 1199 non
1765 1148 1824 1200 C.

77 1227 139 1275 47
168 1227 295 1276 Mari
316 1229 499 1277 factum
524 1229 912 1278 condemnetur?
981 1228 1196 1277 Exsistat
1220 1245 1333 1291 ergo
1371 1228 1452 1277 ille
1474 1227 1548 1277 vir
1568 1244 1828 1292 parumper

166 1307 461 1371 cogitatione
494 1316 666 1370 vestra,
710 1308 942 1371 quoniam
974 1325 1026 1357 re
1060 1325 1162 1357 non
1202 1317 1378 1371 potest,
1420 1317 1474 1357 ut
1513 1307 1828 1372 conspiciatis

168 1404 282 1437 eum
305 1389 568 1449 mentibus,
595 1405 742 1451 quem
774 1388 871 1437 iam
909 1389 1062 1438 oculis
1087 1406 1188 1437 non
1215 1388 1420 1452 potestis
1438 1405 1453 1449 3
1491 1389 1622 1438 dicat
1647 1405 1700 1438 se
1730 1404 1831 1438 non
1855 1413 1894 1444 15

166 1468 443 1531 imperitum
483 1469 707 1530 foederis,
739 1486 840 1518 non
879 1471 1050 1518 rudem
1083 1471 1435 1532 exemplorum,
1473 1485 1576 1518 non
1607 1468 1828 1532 ignarum

167 1548 330 1600 bellici
361 1548 475 1597 iuris
506 1548 653 1598 fuisse
662 1568 676 1611 3
710 1566 761 1598 se
795 1551 846 1598 P.
865 1549 1081 1597 Africani
1106 1548 1400 1612 discipulum
1423 1565 1482 1597 ac
1509 1549 1712 1598 militem
1722 1567 1738 1612 3
1777 1564 1832 1599 se

169 1629 440 1693 stipendiis,
467 1644 519 1678 se
546 1628 872 1692 legationibus
897 1629 1083 1678 bellicis
1109 1628 1375 1691 eruditum3
1400 1645 1464 1689 se,
1488 1628 1527 1677 si
1551 1637 1685 1678 tanta
1702 1629 1832 1679 bella

168 1710 378 1773 legisset,
405 1717 587 1772 quanta
613 1717 660 1758 et
682 1708 829 1772 gessit
862 1717 909 1757 et
933 1708 1158 1768 confecit,
1186 1708 1225 1757 si
1249 1717 1321 1757 tot
1354 1708 1638 1757 consulibus
1674 1725 1833 1758 meru-

170 1793 299 1851 isset,
327 1791 555 1854 quotiens
578 1790 682 1853 ipse
707 1791 879 1838 consul
902 1789 1004 1849 fuit,
1026 1788 1194 1838 omnia
1216 1788 1321 1836 iura
1343 1789 1459 1837 belli
1483 1788 1758 1851 perdiscere
1775 1805 1834 1838 ac
1857 1816 1900 1838 20

172 1889 318 1922 nosse
342 1871 560 1935 potuisse
579 1889 594 1932 3
632 1871 724 1920 sibi
747 1887 849 1919 non
881 1870 1028 1919 fuisse
1053 1869 1257 1918 dubium
1282 1868 1399 1931 quin
1424 1870 1560 1940 nullo
1584 1869 1780 1918 foedere
1803 1885 1834 1917 a

171 1969 223 2001 re
245 1951 445 2015 publica
467 1952 594 2000 bene
617 1952 831 2014 gerenda
849 1950 1163 2013 impediretur
1177 1968 1192 2011 3
1228 1967 1257 1999 a
1281 1966 1332 1999 se
1357 1966 1417 1998 ex
1440 1938 1836 1998 coniunctissima

174 2042 322 2096 atque
360 2033 651 2082 amicissima
685 2032 878 2082 civitate
903 2033 1218 2082 fortissimum
1257 2048 1503 2095 quemque
1543 2047 1650 2080 esse
1689 2031 1836 2081 dilec-

173 2123 311 2175 tum3
358 2130 521 2177 neque
568 2112 895 2176 Iguvinatium
940 2129 1101 2175 neque
1149 2112 1447 2163 Camertium
1487 2112 1686 2161 foedere
1727 2127 1872 2161 esse.

175 2206 434 2260 exceptum
459 2213 559 2260 quo
583 2196 744 2244 minus
769 2212 936 2245 eorum
962 2196 1148 2245 civibus
1172 2212 1202 2243 a
1225 2197 1409 2258 populo
1439 2196 1670 2243 Romano
1704 2210 1838 2257 prae·
1861 2218 1901 2250 25

87 2277 152 2325 48
176 2277 272 2326 mia
295 2276 482 2326 virtutis
506 2276 840 2325 tribuerentur.
913 2277 1053 2323 XXI.
1126 2277 1305 2337 Itaque
1336 2290 1448 2322 cum
1486 2272 1656 2336 paucis
1694 2272 1835 2322 annis

174 2367 286 2422 post
309 2360 437 2406 hanc
461 2357 667 2406 civitatis
692 2357 1013 2407 donationem
1037 2354 1270 2404 acerrima
1295 2355 1357 2403 de
1381 2353 1577 2403 civitate
1615 2352 1836 2416 quaestio

177 2439 366 2488 Licinia
404 2447 452 2488 et
493 2438 663 2488 Mucia
698 2440 806 2501 lege
845 2437 1072 2498 venisset,
1114 2453 1234 2504 num
1274 2435 1383 2499 quis
1425 2451 1609 2495 eorum,
1652 2432 1738 2496 qui
1774 2434 1838 2482 de

175 2520 435 2569 foederatis
459 2518 732 2568 civitatibus
757 2527 884 2567 esset
915 2517 1110 2566 civitate
1148 2517 1374 2574 donatus,
1399 2513 1450 2561 in
1491 2512 1724 2562 iudicium
1747 2521 1838 2562 “est

176 2603 416 2650 vocatus?
483 2602 614 2648 Nam
644 2599 920 2662 Spoletinus
957 2601 1014 2647 T.
1045 2596 1302 2645 Matrinius
1339 2611 1467 2644 unus
1507 2611 1568 2643 ex
1597 2593 1680 2653 eis,
1713 2608 1838 2656 quos
1861 2618 1903 2650 30

180 2685 234 2733 C.
265 2684 449 2731 Marius
474 2681 667 2730 civitate
693 2682 938 2740 donasset,
966 2679 1084 2729 dixit
1108 2694 1305 2727 causam
1343 2694 1404 2726 ex
1439 2674 1634 2725 colonia
1663 2672 1839 2722 Latina

180 2762 230 2811 in
268 2762 435 2825 primis
471 2764 609 2810 firma
644 2767 696 2811 et
731 2760 915 2809 illustri.
989 2761 1151 2821 Quem
1190 2774 1303 2806 cum
1345 2757 1551 2805 disertus
1589 2755 1742 2802 homo
1779 2754 1834 2801 L.

180 2842 418 2892 Antistius
442 2849 704 2902 accusaret,
729 2856 830 2889 non
864 2838 982 2888 dixit
1005 2839 1213 2888 fundum
1252 2835 1560 2900 Spoletinum
1598 2833 1837 2897 populum
