1956 3138
409 461 516 548 M.
583 485 867 546 TULLI
933 482 1434 545 CICERONIS

873 624 989 665 PRO

318 735 400 810 L.
468 732 1082 812 CORNELIO
1151 730 1542 808 BALBO

791 873 1075 922 ORATIO.

203 1049 245 1097 Ι.
314 1049 367 1098 St
391 1047 701 1098 auctoritates
724 1055 1041 1110 patronorum
1065 1045 1116 1094 in
1151 1045 1344 1096 iudiciis
1367 1047 1546 1107 valent,
1572 1046 1636 1096 ab
1670 1062 1768 1095 am-
1794 1046 1822 1093 1

101 1127 328 1192 plissimis
353 1130 408 1177 L
436 1128 636 1185 Corneli
660 1143 806 1176 causa
830 1127 1030 1175 defensa
1054 1134 1150 1185 est,
1174 1125 1214 1174 si
1238 1143 1369 1186 usus,
1391 1142 1421 1174 a
1443 1125 1746 1189 peritissimis
1755 1145 1768 1187 3

102 1209 144 1259 si
166 1207 373 1272 ingenia,
390 1210 454 1258 ab
473 1206 883 1272 eloquentissimis
891 1224 906 1268 3
932 1206 972 1255 si
997 1206 1169 1265 studia,
1187 1208 1251 1255 ab
1271 1206 1575 1255 amicissimis
1593 1215 1641 1255 et
1656 1222 1770 1255 cum

101 1291 353 1342 beneficiis
387 1306 500 1339 cum
535 1292 590 1338 L.
631 1287 863 1338 Cornelio
897 1297 1003 1336 tum
1044 1286 1256 1336 maxima
1293 1285 1618 1335 familiaritate
1654 1302 1770 1335 con-

65 1398 85 1429 s
109 1372 299 1422 iunctis.
373 1373 514 1434 Quae
537 1378 650 1419 sunt
673 1368 816 1432 igitur
839 1385 978 1417 meae
1001 1370 1193 1431 partes?
1247 1366 1565 1416 Auctoritatis
1589 1375 1767 1426 tantae,

103 1460 336 1516 quantam
372 1467 462 1500 vos
508 1450 559 1499 in
595 1466 675 1498 me
722 1465 828 1498 esse
865 1448 1099 1508 voluistis,
1138 1465 1254 1497 usus
1292 1447 1564 1507 mediocris,
1605 1447 1771 1510 ingeni

102 1533 303 1584 minime
325 1531 565 1583 voluntati
587 1530 733 1595 paris.
805 1532 935 1579 Nam
960 1530 1145 1590 ceteris,
1172 1547 1202 1578 a
1225 1529 1402 1593 quibus
1426 1537 1499 1578 est
1523 1530 1767 1589 defensus,

101 1616 235 1664 hunc
257 1615 436 1664 debere
470 1612 734 1676 plurimum
770 1611 937 1662 video:
974 1627 1065 1674 ego
1089 1619 1328 1674 quantum
1353 1609 1398 1659 ei
1422 1610 1645 1669 debeam,
1672 1608 1769 1658 alio

102 1697 235 1746 loco:
275 1694 517 1760 principio
553 1692 785 1742 orationis
822 1693 919 1741 hoc
949 1707 1098 1754 pono,
1126 1707 1206 1740 me
1238 1690 1482 1750 omnibUS,
1509 1689 1594 1754 qui
1625 1689 1770 1739 amici
1794 1691 1823 1737 2

5 1778 10 1781 ’
38 1802 78 1824 ιο
105 1775 284 1825 fuerint
339 1773 482 1824 saluti
517 1782 565 1823 et
606 1771 830 1836 dignitati
869 1788 1022 1832 meae,
1058 1770 1099 1820 si
1135 1769 1297 1819 minus
1331 1771 1586 1819 referenda
1619 1769 1770 1833 gratia

103 1855 218 1906 satis
260 1854 420 1905 facere
452 1853 708 1918 potuerim,
750 1852 1080 1916 praedicanda
1116 1861 1164 1901 et
1208 1852 1438 1901 habenda
1483 1860 1614 1900 certe
1654 1850 1770 1900 satis

103 1952 210 1986 esse
231 1937 486 1985 facturum.
559 1935 700 1996 Quae
724 1933 866 1983 fuerit
890 1934 1118 1982 hesterno
1143 1932 1223 1982 die
1259 1934 1352 1983 Cn.
1380 1931 1586 1995 Pompei
1620 1932 1771 1996 gravi-

91 2013 177 2066 'tas
222 2015 275 2064 in
319 2014 547 2074 dicendo,
597 2013 798 2073 iudices,
849 2029 991 2076 quae¹
1021 2013 1239 2073 facultas,
1289 2028 1415 2075 quae
1461 2011 1619 2075 copia,
1668 2028 1770 2061 non

103 2097 337 2162 opinione
382 2097 529 2146 tacita
564 2105 835 2145 vestrorum
871 2094 1163 2156 animorum,
1201 2095 1289 2144 sed
1326 2093 1583 2158 perspicua
1619 2093 1772 2142 admi-

39 2203 78 2234 ι5
106 2177 295 2227 ratione
340 2175 574 2226 declarari
618 2175 888 2224 videbatur.
961 2174 1099 2222 Nihil
1144 2173 1277 2223 enim
1323 2190 1558 2236 umquam
1606 2172 1770 2222 audivi

103 2259 242 2322 quod
276 2257 396 2306 mihi
431 2258 495 2307 de
529 2257 631 2306 iure
667 2255 891 2304 subtilius
937 2254 1035 2303 dici
1075 2254 1330 2315 videretur,
1369 2254 1489 2302 nihil
1534 2253 1771 2302 memoria

102 2338 289 2388 maiore
325 2339 389 2387 de
427 2336 677 2401 exemplis,
704 2336 824 2384 nihil
855 2335 1056 2399 peritius
1081 2337 1144 2385 de
1168 2335 1460 2394 foederibus,
1486 2335 1608 2384 nihil
1642 2335 1771 2384 illus-

103 2421 248 2471 triore
283 2419 570 2470 auctoritate
594 2421 656 2469 de
680 2419 836 2480 bellis,
863 2419 983 2467 nihil
1008 2420 1070 2468 de
1098 2435 1148 2467 re
1180 2418 1379 2482 publica
1409 2418 1615 2482 graviuS,
1648 2418 1769 2467 nihil

104 2503 174 2553 de
203 2501 312 2566 ipso
347 2501 631 2561 modestius,
665 2500 786 2549 nihil
824 2500 886 2548 de
925 2516 1070 2549 causa
1112 2509 1160 2548 et
1197 2499 1399 2548 crimine
1440 2499 1657 2548 ornatius
1666 2517 1680 2561 3
1716 2509 1769 2548 ut
1795 2502 1823 2547 :3

38 2610 80 2632 ιο
102 2581 223 2632 mihi
245 2581 344 2631 iam
365 2597 534 2631 verum
557 2580 778 2630 videatur
801 2580 922 2629 illud
947 2596 1066 2639 esse,
1090 2581 1225 2643 quod
1248 2596 1349 2629 non
1374 2579 1495 2628 nulli
1519 2579 1686 2629 litteris
1711 2597 1769 2629 ac

105 2660 277 2712 studiis
299 2660 552 2711 doctrinae
577 2659 732 2710 dediti
755 2660 894 2723 quasi
920 2659 1158 2722 quiddam
1182 2659 1469 2709 incredibile
1493 2659 1655 2709 dicere
1682 2677 1769 2723 pu-

105 2742 347 2800 tabantur,
373 2739 419 2789 ei
455 2739 540 2802 qui
580 2739 740 2789 omnis
778 2739 944 2788 animo
984 2739 1186 2788 virtutes
1222 2740 1417 2803 penitus
1454 2740 1771 2802 comprehen-

107 2824 272 2884 disset,
306 2822 471 2874 omnia
495 2839 622 2888 quae
651 2824 831 2872 faceret
861 2831 991 2872 recte
1027 2824 1215 2873 cadere.
1290 2824 1433 2884 Quae
1469 2821 1599 2871 enim
1636 2821 1686 2870 in
1711 2825 1764 2870 L.
