1956 3138
206 142 266 202 36
687 138 835 186 PRO
878 138 937 185 L.
993 136 1368 186 CORNELIO
1596 133 1769 202 [XVII
1794 152 1858 197 40

117 249 182 297 40
207 247 418 297 nominis
441 247 611 310 populi
636 246 850 295 Romani
874 245 1106 295 terminos
1130 261 1234 294 esse
1257 246 1528 294 voluerunt.
1599 246 1861 294 Testantur

204 338 254 378 et
298 337 515 376 mortuos
562 336 752 376 nostros
798 326 1126 389 imperatores,
1162 341 1368 388 quorum
1412 324 1531 374 vivit
1575 324 1858 374 immortalis

202 408 438 458 memoria
506 417 554 457 et
613 407 779 470 gloria,
842 407 1093 470 Scipiones
1153 409 1329 456 Brutos
1387 407 1589 455 Flaccos
1657 407 1858 457 Crassos

204 490 433 537 Metellos
466 496 513 536 et
544 489 675 535 hunc
705 496 1012 549 praesentem
1055 489 1144 537 Cn.
1174 486 1478 549 Pompeium,
1504 502 1652 549 quem
1687 487 1856 550 procul

201 570 265 617 ab
313 567 506 616 illorum
552 566 810 615 moenibus
856 582 965 614 acre
1010 574 1061 614 et
1106 582 1337 628 magnum
1383 566 1567 614 bellum
1611 573 1860 628 gerentem
1905 590 1924 619 5

205 657 482 697 commeatu
505 647 810 710 pecuniaque
834 646 1069 703 iuverunt,
1097 655 1146 694 et
1179 647 1274 695 hoc
1309 655 1530 708 tempore
1565 644 1674 708 ipso
1705 661 1860 708 popu-

201 728 304 775 lum
342 729 638 785 Romanum,
680 742 826 788 quem
864 724 914 772 in
953 725 1149 772 caritate
1187 741 1426 785 annonae,
1465 732 1520 772 ut
1559 738 1706 786 saepe
1745 730 1859 771 ante

201 808 428 865 fecerant,
449 807 691 853 frumento
717 804 1025 867 suppeditato
1050 806 1282 863 levarunt,
1304 820 1355 852 se
1373 805 1468 852 hoc
1490 803 1565 852 ius
1589 819 1694 852 esse
1717 804 1857 863 velle,

202 895 256 933 ut
280 885 371 934 sibi
395 894 443 933 et
478 884 652 944 liberis,
679 884 719 932 si
750 884 834 946 qui
873 883 1047 932 eximia
1078 884 1252 932 virtute
1283 883 1470 942 fuerint,
1498 883 1559 932 sit
1597 883 1648 932 in
1684 882 1860 932 nostris

202 966 383 1026 castris,
409 965 469 1014 sit
503 966 554 1013 in
589 966 935 1028 imperatorum
970 966 1233 1028 praetoriis,
1260 965 1320 1014 sit
1344 965 1556 1028 denique
1579 965 1704 1015 inter
1725 964 1862 1028 signa
1887 992 1927 1014 10

203 1057 348 1111 atque
373 1045 423 1093 in
448 1045 552 1092 acie
576 1047 725 1104 locus,
754 1044 813 1093 sit
836 1044 911 1092 his
945 1045 1172 1106 gradibus
1204 1061 1433 1102 ascensus
1461 1044 1608 1093 etiam
1647 1045 1711 1093 ad
1747 1044 1862 1093 civi-

114 1126 175 1173 41
203 1135 367 1174 tatem.
440 1127 635 1173 XVIII.
711 1125 861 1184 Quod
885 1123 925 1172 si
947 1123 1087 1182 Afris,
1116 1124 1155 1172 si
1186 1124 1360 1183 Sardis,
1387 1123 1427 1172 si
1459 1123 1697 1186 Hispanis
1735 1123 1861 1186 agris
1921 1164 1924 1167 ,

204 1204 550 1268 stipendioque
574 1204 788 1252 multatis
816 1204 990 1252 virtute
1028 1203 1231 1266 adipisci
1270 1203 1384 1252 licet
1422 1203 1684 1264 civitatem,
1715 1203 1862 1257 Gadi-

202 1283 328 1332 tanis
369 1293 532 1331 autem
571 1283 753 1342 officiis,
798 1291 1047 1341 vetustate,
1088 1284 1199 1337 fide,
1240 1282 1479 1345 periculis,
1515 1283 1711 1332 foedere
1745 1298 1862 1332 con-

203 1363 381 1411 iunctis
403 1365 499 1411 hoc
524 1362 654 1410 idem
680 1378 780 1410 non
804 1361 983 1420 licebit,
1010 1377 1110 1409 non
1134 1363 1306 1410 foedus
1348 1361 1440 1411 sibi
1479 1361 1750 1422 nobiscum,
1776 1362 1862 1410 sed
1888 1386 1926 1416 15

201 1442 525 1505 iniquissimas
581 1444 711 1504 leges
767 1442 1017 1504 impositas
1063 1459 1094 1490 a
1139 1442 1280 1491 nobis
1329 1459 1434 1492 esse
1489 1441 1857 1492 arbitrabuntur.

202 1527 367 1586 Atque
390 1525 529 1583 hanc,
552 1523 750 1581 iudices,
773 1540 873 1572 non
897 1540 925 1571 a
948 1540 1027 1572 me
1045 1523 1162 1586 fingi
1185 1523 1468 1583 orationem,
1487 1525 1574 1573 sed
1596 1524 1861 1575 medicere

203 1622 329 1667 quae
355 1604 585 1654 Gaditani
609 1603 862 1652 iudicarint
885 1620 959 1651 res
983 1603 1087 1666 ipsa
1112 1605 1335 1652 declarat.
1387 1604 1674 1667 Hospitium
1697 1605 1861 1655 multis

195 1684 342 1734 ¹annis
374 1693 486 1732 ante
513 1685 609 1732 hoc
649 1693 841 1745 tempus
878 1700 992 1731 cum
1034 1685 1088 1731 L.
1118 1684 1345 1733 Cornelio
1384 1684 1654 1734 Gaditanos
1689 1684 1861 1734 fecisse

202 1765 398 1827 publice
424 1764 559 1812 dico:
597 1765 836 1826 proferam
860 1772 1091 1812 tesseram
1112 1781 1121 1811 ε
1145 1765 1329 1825 legatos
1362 1764 1548 1814 excito:
1587 1766 1863 1815 laudatores
1887 1792 1928 1814 20

203 1848 267 1894 ad
291 1847 386 1894 hoc
410 1845 658 1904 iudicium,
685 1861 902 1893 summos
925 1845 1150 1893 homines
1173 1862 1231 1893 ac
1271 1844 1614 1905 nobilissimos,
1637 1846 1863 1908 depreca-

206 1938 336 1977 tores
375 1927 517 1976 huius
554 1926 756 1990 periculi
792 1926 965 1975 missos
1001 1926 1206 1975 videtis:
1247 1943 1298 1975 re
1330 1927 1542 1990 denique
1570 1930 1726 1977 multo
1748 1939 1861 1979 ante

203 2009 425 2058 Gadibus
457 2008 638 2067 audita,
664 2024 727 2056 ne
763 2008 888 2056 forte
924 2007 1040 2055 huic
1076 2009 1139 2055 ab
1179 2007 1263 2056 illo
1299 2008 1570 2070 periculum
1606 2018 1859 2070 crearetur,

202 2089 484 2152 gravissima
519 2088 571 2137 in
612 2088 759 2136 istum
795 2087 954 2136 civem
996 2104 1138 2136 suum
1180 2087 1410 2137 Gaditani
1448 2088 1500 2137 in
1536 2098 1707 2138 senatu
1746 2105 1859 2138 con-

114 2169 179 2216 42
203 2169 328 2218 vicia
375 2170 607 2217 fecerunt.
703 2167 869 2216 Potuit
914 2167 1067 2230 magis
1112 2168 1292 2216 fundus
1336 2169 1548 2231 populus
1594 2168 1864 2218 Gaditanus
1888 2194 1927 2225 25

202 2248 318 2308 fieri,
347 2248 579 2311 quoniam
614 2249 710 2296 hoc
741 2264 920 2310 magno
945 2263 1092 2309 opere
1126 2247 1380 2296 delectaris
1402 2249 1566 2307 verbo,
1591 2247 1633 2296 si
1667 2256 1772 2296 tum
1808 2250 1863 2298 fit

203 2330 399 2389 fundus,
425 2345 539 2376 cum
565 2327 684 2377 scita
709 2344 767 2376 ac
790 2327 919 2376 iussa
956 2337 1120 2376 nostra
1158 2343 1246 2376 sua
1282 2327 1521 2376 sententia
1561 2328 1860 2391 comprobat,

204 2426 352 2472 quam
375 2426 488 2458 cum
516 2408 782 2471 hospitium
804 2407 933 2467 fecit,
958 2416 1012 2456 ut
1036 2416 1086 2456 et
1108 2406 1302 2455 civitate
1324 2407 1461 2455 illum
1491 2417 1733 2457 mutatum
1755 2424 1862 2458 esse

203 2493 432 2539 fateretur
472 2499 520 2539 et
556 2490 698 2538 huius
739 2489 945 2538 civitatis
985 2490 1171 2538 honore
1217 2488 1554 2551 dignissimum
1590 2479 1863 2538 iudicaret?

205 2569 374 2618 Potuit
419 2569 596 2618 certius
637 2568 944 2631 interponere
984 2568 1220 2616 iudicium
1255 2567 1518 2617 voluntatis
1555 2584 1684 2626 suae,
1716 2583 1863 2631 quam
1888 2595 1928 2625 30

203 2664 317 2696 cum
372 2647 521 2696 etiam
568 2657 901 2696 accusatorem
947 2647 1090 2696 huius
1135 2649 1288 2696 multa
1341 2655 1390 2696 et
1433 2663 1595 2710 poena
1637 2646 1862 2696 notavit?

205 2727 371 2776 Potuit
393 2727 548 2790 magis
573 2729 634 2776 de
658 2743 708 2776 re
733 2726 950 2776 iudicare
974 2743 1121 2790 quam
1145 2743 1258 2774 cum
1292 2728 1356 2775 ad
1378 2735 1592 2776 vestrum
1624 2711 1862 2774 iudicium

204 2807 323 2857 civis
346 2807 670 2874 amplissimos
693 2807 884 2872 legavit,
911 2807 1046 2857 testis
1086 2806 1228 2855 huius
1251 2806 1380 2869 iuriS,
1404 2805 1531 2856 vitae
1570 2797 1860 2869 laudatoreS,
