1956 3138
164 191 227 235 42
650 172 799 222 PRO
842 173 900 221 L.
957 171 1335 246 CORNELIO
1535 171 1737 240 [XXIV
1759 185 1820 240 55⁴

163 281 357 339 faceret,
383 294 444 328 ex
467 276 672 328 Graecia
699 278 978 341 deligerent,
996 287 1160 329 tamen
1185 296 1319 329 sacra
1341 296 1430 343 pro
1453 279 1638 331 civibus
1667 281 1825 333 civem

162 361 321 409 facere
364 360 635 419 voluerunt,
662 367 724 408 'ut
764 361 885 408 deos
930 359 1213 410 immortalis
1257 360 1459 410 scientia
1491 362 1744 426 peregrina
1776 371 1825 414 et

165 449 374 500 externa,
412 450 576 490 mente
611 439 882 489 domestica
923 449 973 490 et
1007 440 1136 490 civili
1170 450 1458 504 precaretur.
1530 444 1640 493 Has
1674 459 1826 494 sacer·
1891 430 1900 437 ’

164 523 306 570 dotes
327 521 473 570 video
496 523 595 570 fere
618 529 703 569 aut
726 521 1079 584 Neapolitanas
1103 531 1187 572 aut
1209 522 1452 573 Veliensis
1475 522 1637 584 fuisse,
1661 525 1826 574 foede·
1848 519 1850 521 ’

162 609 372 650 ratarum
397 600 502 649 sine
536 601 688 649 dubio
723 600 988 650 civitatum.
1062 602 1211 652 Mitto
1233 611 1419 652 vetera:
1453 602 1673 667 proxime
1708 603 1822 654 dico
1868 627 1888 660 ⁵

163 689 277 729 ante
314 680 561 729 civitatem
597 680 909 730 Veliensibus
947 683 1114 731 datam
1144 684 1208 732 de
1248 692 1444 733 senatus
1482 683 1725 734 sententia
1762 685 1820 736 C.

162 760 411 809 Valerium
436 763 677 822 Flaccum,
704 771 978 824 praetorem
1001 765 1254 825 urbanum,
1275 764 1567 814 nominatim
1590 765 1656 814 ad
1671 780 1825 828 popu-

161 842 263 889 lum
309 842 373 890 de
420 841 709 904 Calliphana
753 842 997 903 Veliense,
1044 853 1099 893 ut
1157 861 1215 893 ea
1260 844 1377 893 civis
1423 847 1653 894 Romana
1696 852 1824 894 esset

162 923 350 971 tulisse:
374 938 494 971 num
516 921 660 985 igitur
682 930 766 971 aut
788 924 966 972 fundos
988 925 1142 973 factos
1159 925 1400 974 Veliensis
1418 934 1502 975 aut
1519 925 1823 975 sacerdotem

161 1003 294 1050 illam
339 1002 497 1051 civem
543 1005 827 1052 Romanam
869 1005 1050 1052 factam
1094 1021 1196 1054 non
1243 1021 1349 1055 esse
1383 1014 1468 1055 aut
1501 1006 1678 1055 foedus
1711 1014 1762 1055 et
1793 1021 1824 1054 a
1847 1031 1888 1054 ιο

162 1090 333 1130 senatu
357 1091 406 1131 et
428 1099 459 1130 a
479 1084 664 1145 populo
690 1085 920 1132 Romano
944 1084 1179 1133 violatum
1203 1086 1525 1136 arbitramur?

75 1159 134 1207 56
260 1162 420 1210 XXV.
510 1163 765 1225 Intellego,
805 1162 1006 1222 iudices,
1045 1162 1096 1211 in
1138 1179 1285 1212 causa
1321 1173 1487 1226 aperta
1523 1163 1822 1228 minimeque

161 1241 310 1290 dubia
349 1243 505 1290 multo
545 1250 595 1291 et
630 1243 770 1304 plura
807 1251 855 1291 et
889 1259 918 1291 a
954 1243 1172 1306 pluribus
1207 1243 1508 1307 peritissimis
1548 1261 1655 1294 esse
1691 1245 1823 1294 dicta

161 1337 311 1383 quam
334 1337 410 1370 res
432 1322 718 1383 postularet.
786 1322 884 1370 Sed
915 1321 966 1370 id
989 1324 1172 1371 factum
1205 1332 1290 1383 est,
1316 1339 1418 1372 non
1455 1333 1510 1373 ut
1547 1323 1687 1374 vobis
1717 1340 1822 1375 rem

159 1410 261 1450 tam
306 1401 614 1464 perspicuam
661 1403 875 1452 dicendo
921 1404 1255 1466 probaremUS,
1293 1421 1464 1453 verum
1509 1412 1564 1454 ut
1601 1404 1823 1455 omnium
1846 1429 1885 1462 ις

158 1483 506 1531 malevolorum
552 1482 830 1546 iniquorum
884 1483 1163 1533 invidorum
1214 1484 1404 1534 animos
1456 1486 1819 1548 frangeremus:

161 1579 284 1625 quos
307 1572 360 1612 ut
394 1572 648 1612 accusator
681 1565 979 1625 incenderet,
1005 1574 1059 1614 ut
1093 1565 1244 1628 aliqui
1280 1581 1528 1614 sermones
1562 1565 1820 1616 hominum

160 1644 329 1694 alienis
353 1645 495 1694 bonis
517 1645 836 1694 maerentium
861 1645 1006 1694 etiam
1030 1647 1095 1695 ad
1117 1656 1300 1695 vestras
1323 1646 1450 1695 auris
1479 1655 1820 1709 permanarent

161 1735 209 1774 et
244 1726 297 1774 in
333 1726 513 1776 iudicio
552 1727 659 1790 ipso
699 1728 1041 1788 redundarent,
1082 1727 1265 1777 idcirco
1301 1728 1383 1776 illa
1421 1728 1473 1776 in
1509 1727 1645 1777 omni
1681 1737 1818 1792 parte

161 1807 393 1856 orationis
431 1823 621 1857 summa
654 1817 755 1857 arte
793 1809 981 1871 aspergi
1015 1807 1253 1857 videbatis
1268 1826 1282 1870 3
1323 1817 1428 1856 tum
1463 1808 1726 1872 pecuniam
1762 1811 1816 1858 L.
1843 1835 1885 1857 20

161 1888 372 1948 Corneli,
415 1905 541 1952 quae
586 1905 746 1952 neque
793 1889 1033 1938 invidiosa
1069 1899 1142 1938 est
1182 1898 1244 1949 et,
1287 1897 1684 1952 quantacumque
1729 1897 1815 1950 est,

161 1968 265 2017 eius
289 1968 425 2018 modi
448 1977 535 2028 est,
561 1978 614 2017 ut
638 1978 923 2018 conservata
946 1968 1098 2031 magis
1123 1985 1271 2031 quam
1305 1977 1527 2031 correpta
1561 1985 1666 2018 esse
1688 1968 1819 2018 vide-

161 2058 269 2098 atur
283 2067 297 2110 3
354 2058 459 2098 tum
506 2050 758 2100 luxuriam.
807 2067 934 2113 quae
980 2067 1082 2098 non
1129 2049 1331 2099 crimine
1375 2050 1541 2112 aliquo
1586 2049 1814 2111 libidinis,

160 2131 248 2178 sed
273 2129 522 2179 communi
545 2131 807 2179 maledicto
844 2131 1132 2190 notabatur,
1173 2139 1275 2179 tum
1307 2131 1655 2191 Tusculanum,
1681 2131 1817 2193 quod

162 2210 221 2270 Q.
251 2210 440 2258 Metelli
462 2210 609 2258 fuisse
632 2209 920 2258 meminerat
944 2219 992 2259 et
1017 2212 1070 2258 L.
1101 2209 1275 2268 Crassi,
1304 2211 1532 2259 Crassum
1554 2209 1731 2259 emisse
1754 2211 1818 2260 de
1841 2236 1883 2268 25

158 2289 386 2338 libertino
410 2290 624 2349 homine,
651 2289 869 2338 Soterico
908 2289 1114 2349 Marcio,
1140 2291 1204 2338 ad
1243 2291 1502 2338 Metellum
1537 2289 1816 2352 pervenisse

161 2371 223 2419 de
247 2370 481 2418 Vennoni
495 2370 698 2419 Vindici
721 2370 864 2419 bonis
883 2387 984 2419 non
1004 2372 1224 2419 tenebat:
1251 2370 1393 2419 simul
1411 2370 1532 2420 illud
1548 2370 1812 2432 nesciebat,

158 2451 466 2514 praediorum
517 2452 703 2499 nullam
759 2467 866 2500 esse
911 2459 1123 2514 gentem,
1184 2450 1510 2513 emptionibus
1555 2466 1616 2499 ea
1659 2452 1815 2500 solere

159 2547 305 2594 saepe
341 2533 406 2580 ad
444 2531 630 2580 alienos
667 2531 904 2591 homines,
945 2547 1090 2594 saepe
1126 2532 1191 2579 ad
1230 2531 1437 2590 infimos,
1480 2546 1583 2580 non
1626 2530 1814 2594 legibus

72 2613 133 2661 5¹7
158 2621 409 2674 tamquam
456 2613 632 2660 tutelas
677 2611 941 2674 pervenire.
1036 2610 1300 2660 Obiectum
1353 2619 1426 2659 est
1470 2610 1632 2669 etiam,
1679 2610 1815 2672 quod
1837 2635 1879 2666 30

157 2691 210 2740 in
233 2691 413 2739 tribum
439 2690 800 2740 Clustuminam
834 2690 1123 2752 pervenerit,
1163 2690 1298 2752 quod
1331 2689 1411 2737 hic
1445 2690 1704 2738 adsecutus
1739 2697 1814 2738 est
1840 2723 1844 2727 -

157 2771 276 2834 legis
301 2773 365 2819 de
399 2771 584 2819 ambitu
618 2770 837 2833 praemio
872 2769 1033 2819 minus
1068 2769 1321 2829 invidiose,
1348 2785 1495 2832 quam
1531 2768 1616 2831 qui
1648 2769 1812 2831 legum

157 2851 383 2915 praemiis
405 2851 696 2914 praetoriam
721 2850 1012 2901 sententiam
1036 2858 1085 2900 et
1107 2858 1407 2914 praetextam
1445 2858 1609 2913 togam
1644 2862 1812 2899 conse-
