1956 3138
106 136 107 139 '
142 167 347 219 xxvn
371 163 458 234 60]
674 166 928 216 BALBO
980 166 1272 216 ORATIO.
1745 185 1809 231 43

140 282 330 324 cuntur.
417 276 484 324 Et
528 273 783 338 adoptatio
829 273 1125 337 Theophani
1170 274 1352 338 agitata
1393 282 1479 335 est,
1528 290 1616 338 per
1661 291 1811 337 quam

142 354 400 406 Cornelius
423 354 545 404 nihil
568 363 642 404 est
664 363 1007 419 praeterquam
1028 355 1417 419 propinquorum
1442 371 1640 405 suorum
1678 356 1812 405 here·

141 434 319 485 ditates
341 435 617 486 adsecutuS.

240 516 431 564 XXVI.
504 517 818 579 Quamquam
849 513 1053 564 istorum
1094 514 1299 577 animoS‚
1326 515 1411 580 qui
1447 514 1542 579 ipsi
1580 515 1808 566 Cornelio

97 619 117 651 5
139 593 372 658 invident,
409 611 512 645 non
557 603 632 645 est
676 594 1016 645 difficillimum
1062 594 1296 658 mitigare.
1368 597 1514 645 More
1554 595 1812 645 hominum

140 674 378 736 invident,
404 675 456 725 in
487 675 727 726 conviviis
767 676 963 735 rodunt,
991 675 1042 724 in
1083 675 1276 725 circulis
1299 675 1558 727 vellicant:
1599 692 1702 724 non
1726 676 1811 725 illo

139 754 355 817 inimico,
394 756 482 806 sed
517 757 616 806 hoc
653 755 899 805 maledico
941 757 1091 805 dente
1129 766 1350 819 carpunt.
1423 756 1520 819 Qui
1557 756 1728 805 amicis
1753 758 1806 804 L.
1837 757 1900 804 58

142 836 344 888 Corneli
378 845 464 886 aut
501 835 689 885 inimici
729 846 843 886 sunt
879 846 965 886 aut
1001 837 1237 896 invident,
1264 836 1310 886 ei
1348 846 1459 886 sunt
1499 836 1615 886 huic
1654 838 1811 885 multo

139 915 478 966 vehementius
500 915 892 980 pertimescendi.
966 918 1097 965 Nam
1120 916 1236 965 huic
1262 916 1463 979 quidem
1487 916 1579 979 ipsi
1605 915 1714 979 quis
1738 925 1812 965 est

76 1021 118 1044 ιο
138 1011 373 1059 umquam
397 995 627 1046 inventus
650 996 877 1046 inimicus
901 1005 987 1046 aut
1011 996 1119 1060 quis
1144 996 1248 1046 iure
1275 1013 1379 1046 esse
1403 997 1602 1061 potuit?
1650 998 1814 1059 Quem

138 1077 329 1126 bonum
351 1092 456 1126 non
473 1076 663 1127 coluit?
709 1076 865 1127 Cuius
887 1079 1112 1127 fortunae
1137 1077 1461 1142 dignitatique
1486 1095 1588 1127 non
1612 1094 1813 1127 conces-

140 1155 241 1206 sit?
307 1158 541 1206 Versatus
575 1156 627 1206 in
660 1156 834 1206 intima
864 1157 1186 1207 familiaritate
1221 1158 1434 1208 hominis
1467 1158 1809 1222 potentissimi,

139 1235 193 1285 in
214 1236 442 1286 maximis
463 1237 641 1287 nostris
664 1238 805 1287 malis
828 1248 976 1301 atque
999 1238 1257 1288 discordiis
1288 1239 1537 1289 neminem
1574 1255 1812 1302 umquam

140 1320 336 1370 alterius
358 1319 560 1369 rationis
583 1335 642 1368 ac
672 1320 836 1383 partiS,
864 1336 967 1369 non
1004 1337 1070 1381 re,
1095 1336 1198 1369 non
1221 1321 1387 1381 verb0,
1412 1337 1516 1369 non
1552 1322 1690 1369 voltu
1731 1321 1811 1369 de-

77 1425 116 1458 ¹5
138 1400 289 1465 nique
311 1400 529 1451 offendit.
582 1400 694 1450 Fuit
717 1402 813 1450 hoc
837 1400 940 1450 sive
970 1417 1135 1450 meum
1159 1400 1262 1450 sive
1292 1400 1362 1450 rei
1392 1400 1617 1463 publicae
1641 1402 1811 1461 fatum,

139 1489 195 1531 ut
215 1481 269 1530 in
290 1498 372 1532 me
394 1497 550 1530 unum
574 1481 734 1530 omnis
758 1480 840 1530 illa
871 1481 1123 1531 inclinatio
1161 1482 1496 1531 communium
1534 1491 1812 1545 temporum

79 1550 85 1554 ’
139 1561 459 1612 incumberet.
530 1563 648 1610 Non
693 1562 847 1613 modo
892 1578 996 1611 non
1043 1562 1301 1611 exsultavit
1347 1561 1398 1610 in
1444 1561 1594 1611 ruinis
1631 1561 1811 1611 nostris

139 1641 410 1706 vestrisque
454 1640 710 1691 discordiis
757 1641 1028 1702 Cornelius,
1075 1643 1165 1692 sed
1206 1642 1343 1691 omni
1385 1642 1562 1701 officio,
1600 1643 1813 1691 lacrimis

140 1740 289 1788 opera
334 1722 672 1775 consolatione
718 1722 879 1772 omnis
928 1739 1010 1773 me
1067 1725 1270 1773 absente
1327 1741 1467 1773 meos
1525 1724 1808 1774 sublevavit.

76 1803 366 1865 „Quorum
406 1819 499 1866 ego
539 1802 822 1852 testimonio
858 1819 916 1852 ac
952 1804 1180 1867 precibus
1216 1821 1396 1854 munus
1442 1806 1538 1854 hoc
1583 1804 1812 1853 meritum
1839 1804 1900 1851 59

140 1883 258 1934 huic
280 1893 342 1945 et,
366 1893 421 1934 ut
442 1901 472 1933 a
493 1884 735 1948 principio
766 1884 876 1946 dixi,
898 1884 1075 1934 iustam
1099 1895 1148 1935 et
1173 1887 1390 1935 debitam
1413 1886 1616 1948 gratiam
1640 1887 1810 1944 refero,

142 1981 397 2030 speroque,
422 1966 623 2028 iudiceS,
648 1976 703 2016 ut
727 1983 826 2028 eOS,
854 1967 938 2030 qui
961 1968 1204 2032 principes
1229 1970 1424 2017 fuerunt
1448 1967 1813 2017 conservandae

143 2045 312 2096 salutis
351 2055 436 2097 aut
481 2046 731 2111 dignitatis
776 2064 930 2108 meae,
971 2048 1167 2112 diligitis
1209 2059 1257 2098 et
1298 2065 1437 2098 caros
1482 2047 1688 2108 habetis,
1727 2048 1811 2108 sic,

143 2143 270 2190 quae
293 2127 357 2177 ab
386 2128 485 2177 hoc
506 2144 596 2192 pro
619 2129 849 2177 facultate
873 2127 990 2188 eiuS,
1016 2145 1106 2191 pro
1141 2130 1254 2178 loco
1285 2130 1414 2177 facta
1445 2136 1570 2186 sunt,
1598 2137 1646 2176 et
1680 2137 1816 2191 grata

78 2206 118 2265 23
142 2223 249 2258 esse
271 2207 414 2257 vobis
439 2216 488 2257 et
509 2209 728 2271 probata.
799 2210 918 2257 Non
941 2208 1085 2272 igitur
1107 2225 1137 2257 a
1161 2209 1273 2268 suis,
1301 2225 1424 2271 quos
1455 2209 1617 2257 nullos
1648 2209 1812 2268 habet,

145 2290 235 2339 sed
251 2305 282 2338 a
299 2305 512 2350 suorum,
526 2289 610 2352 qui
629 2298 678 2339 et
695 2289 834 2338 multi
859 2298 908 2338 et
930 2299 1158 2352 potentes
1183 2299 1309 2350 sunt,
1326 2300 1555 2352 urguetur
1578 2289 1815 2338 inimicis:

146 2386 272 2434 quos
304 2371 506 2434 quidem
541 2373 771 2421 hesterno
796 2372 876 2422 die
915 2374 1006 2422 Cn.
1047 2371 1313 2435 Pompeius
1354 2371 1558 2434 copiosa
1594 2370 1816 2420 oratione

149 2459 202 2501 et
222 2451 355 2515 gravi
379 2469 562 2513 secum,
586 2453 627 2503 si
650 2455 843 2514 vellent,
869 2455 1168 2503 contendere
1192 2453 1406 2513 iubebat,
1433 2454 1496 2501 ab
1522 2453 1619 2501 hoc
1643 2451 1817 2514 impari

142 2533 410 2583 certamine
433 2543 580 2598 atque
603 2535 783 2584 iniusta
806 2534 1123 2583 contentione
1147 2533 1398 2583 avocabat.
1469 2534 1689 2581 XXVII.
1752 2533 1817 2580 Et
1842 2529 1905 2579 60

78 2641 121 2671 30
142 2623 246 2665 erat
268 2631 429 2679 aequa
451 2617 531 2666 lex
563 2625 614 2666 et
646 2616 804 2684 nobis,
830 2616 1034 2677 iudiceS,
1059 2626 1209 2679 atque
1244 2615 1488 2674 omnibuS,
1515 2613 1600 2678 qui
1639 2612 1817 2662 nostris

142 2695 550 2746 familiaritatibus
596 2697 921 2760 implicantur,
970 2697 1288 2745 vehementer
1332 2694 1477 2755 utilis,
1526 2703 1582 2743 ut
1628 2703 1817 2742 nostras

143 2775 424 2826 inimicitias
455 2776 549 2840 ipsi
578 2776 705 2827 inter
742 2793 835 2827 nos
874 2793 1114 2840 geramuS,
1140 2775 1310 2825 amicis
1351 2784 1626 2824 nostrorum
1664 2772 1819 2820 inimi-

145 2870 317 2906 corum
340 2865 680 2922 temperemus.
753 2859 830 2907 Ac
855 2857 896 2907 si
920 2873 1031 2907 mea
1055 2857 1319 2906 auctoritas
1343 2855 1458 2905 satis
1483 2855 1615 2918 apud
1640 2853 1748 2902 illos
1767 2853 1816 2901 in
