1956 3138
142 91 242 141 xv
265 86 351 156 34]
680 89 933 138 BALBO
985 89 1129 138 ORA
1139 89 1276 138 ΠΟ.
1748 105 1808 152 33

141 197 381 262 Pompeio
405 196 651 248 civitatem
676 199 896 248 donandi
921 199 1138 259 dederat,
1160 198 1443 248 sustulisset.
1518 201 1808 261 Exceptum,

133 278 311 343 inquit,
329 287 404 328 est
422 281 612 340 foeduS,
639 294 683 329 sr
709 294 840 338 QUID
866 293 1275 328 SACROSANCTUM
1299 293 1402 327 EST.
1464 280 1679 341 Ignosco
1704 277 1807 339 tibi,

138 358 180 408 si
217 374 381 422 neque
416 361 696 409 Poenorum
731 359 835 408 iura
869 360 1347 423 calles—reliqueras
1394 359 1527 410 enim
1562 359 1809 408 civitatem

137 447 504 503 tuam—neque
527 449 718 490 nostras
741 439 945 503 potuisti
968 442 1100 504 leges
1124 440 1387 503 inspicere:
1428 440 1564 503 ipsae
1589 439 1721 489 enim
1758 448 1808 489 te

90 544 111 576 5
133 536 165 570 a.
186 520 468 584 cognitione
492 538 582 570 sua
614 520 800 570 iudicio
834 523 1034 585 publico
1069 523 1396 584 reppulerunt.
1432 538 1437 546 ··
1470 520 1608 583 Quid
1630 519 1722 570 fuit
1754 519 1806 569 in
1831 520 1894 568 33

133 601 388 666 rogatione
412 618 486 664 ea,
512 618 639 666 quae
663 603 726 652 de
751 603 994 664 Pompeio
1019 619 1048 651 a
1072 603 1234 652 Gellio
1259 612 1307 652 et
1331 620 1361 651 a
1383 587 1597 651 Lentulo
1633 618 1806 651 consu-

132 683 262 732 libus
285 683 385 732 lata
407 691 494 744 est,
519 683 571 732 in
606 699 707 746 quo
742 683 929 746 aliquid
965 693 1332 732 sacrosanctum
1375 691 1635 746 exceptum
1672 681 1805 732 vide-

131 765 298 822 retur?
364 763 582 812 Primum
624 762 755 811 enim
794 772 1160 812 sacrosanctum
1201 780 1309 812 esse
1349 763 1470 812 nihil
1508 771 1685 827 potest,
1712 762 1806 811 nisi

130 847 269 908 quod
290 846 503 909 populus
526 845 758 908 plebesve
795 845 956 895 sanxit
972 863 986 906 3
1028 845 1208 895 deinde
1234 845 1511 894 sanctiones
1537 845 1802 894 sacrandae

58 938 106 975 ἰο
129 935 243 976 sunt
264 934 350 976 aut
371 942 549 989 genere
572 925 681 989 ipso
705 942 898 989 poenae
929 935 1013 975 aut
1044 943 1157 975 cum
1189 926 1518 976 obtestatione
1549 934 1598 975 et
1634 942 1803 975 conse-

129 1007 347 1057 cratione
393 1007 529 1070 legiS,
572 1017 721 1071 caput
767 1007 887 1068 eiuS,
928 1007 1013 1070 qui
1048 1017 1219 1056 contra
1253 1008 1435 1068 fecerit,
1475 1015 1797 1057 consecratur.

129 1088 266 1152 Quid
299 1089 452 1138 habes
484 1087 630 1152 igitur
666 1088 828 1138 dicere
862 1090 924 1138 de
963 1089 1209 1138 Gaditano
1246 1090 1444 1138 foedere
1485 1088 1588 1137 eius
1628 1087 1801 1138 modi?

128 1172 310 1221 Utrum
355 1170 528 1234 capitis
575 1170 947 1220 consecratione
994 1187 1058 1219 an
1105 1170 1432 1220 obtestatione
1478 1169 1598 1233 legis
1645 1185 1801 1218 sacro-

127 1261 351 1302 sanctum
388 1267 496 1301 esse
534 1253 829 1301 confirmas?
898 1251 1036 1299 Nihil
1077 1251 1281 1300 omnino
1322 1267 1558 1314 umquam
1599 1251 1663 1299 de
1701 1250 1797 1299 isto

61 1360 99 1390 ¹5
121 1335 321 1384 foedere
355 1334 419 1383 ad
446 1335 701 1397 populum,
728 1333 849 1381 nihil
886 1334 950 1382 ad
987 1335 1185 1396 plebem
1224 1335 1377 1382 latum
1410 1350 1516 1382 esse
1554 1332 1696 1382 dico:
1732 1334 1796 1381 de

125 1415 303 1479 quibus
341 1414 487 1464 etiam
522 1414 563 1464 si
597 1416 748 1463 latum
785 1424 912 1463 esset
958 1431 1021 1464 ne
1062 1431 1208 1477 quem
1257 1414 1414 1463 civem
1453 1413 1792 1477 reciperemus,

123 1505 289 1545 tamen
311 1494 366 1545 id
389 1504 531 1556 esset,
558 1496 693 1558 quod
722 1505 895 1558 postea
926 1497 1138 1558 populus
1173 1495 1404 1556 iussisset,
1430 1504 1606 1555 ratum,
1632 1510 1794 1557 neque

125 1575 394 1640 quicquam
445 1575 539 1624 illis
585 1575 746 1625 verbis
794 1590 839 1625 sr
895 1590 1025 1634 QUID
1074 1590 1485 1626 SACROSANCTUM
1533 1590 1636 1637 EST,
1686 1591 1793 1624 esse

121 1665 382 1720 exceptum
420 1655 678 1716 videretur,
722 1657 784 1705 de
825 1656 909 1716 eis,
948 1673 1061 1704 cum
1107 1658 1320 1720 populus
1366 1658 1625 1705 Romanus
1670 1655 1793 1704 nihil

55 1763 97 1785 20
118 1752 355 1800 umquam
371 1736 576 1796 iusserit,
594 1736 861 1800 quicquam
879 1737 1029 1786 audes
1050 1737 1210 1785 dicere
1231 1745 1594 1786 sacrosanctum
1613 1735 1791 1785 fuisse?

119 1816 230 1865 XV.
302 1816 411 1864 Nec
455 1831 572 1864 vero
617 1816 741 1864 haec
778 1815 935 1864 oratio
976 1832 1088 1863 mea
1124 1816 1188 1864 ad
1228 1815 1575 1864 infirmandum
1612 1817 1788 1864 foedus
1814 1815 1878 1863 34

119 1895 492 1956 Gaditanorum,
539 1894 743 1955 iudices,
791 1896 1015 1959 pertinet.
1101 1898 1280 1959 Neque
1326 1896 1457 1945 enim
1504 1904 1577 1945 est
1622 1912 1789 1944 meum

118 1976 387 2028 contraius
411 1975 598 2040 optime
632 1976 834 2026 meritae
869 1976 1091 2037 civitatis,
1119 1987 1290 2026 contra
1324 1976 1610 2040 opinionem
1633 1986 1790 2026 vetus—

116 2057 243 2119 tatis,
269 2066 440 2107 contra
462 2059 805 2107 auctoritatem
830 2067 1026 2107 senatus
1051 2059 1228 2107 dicere.
1303 2058 1452 2108 Duris
1478 2060 1610 2108 enim
1635 2077 1788 2123 quon-

52 2163 93 2195 25
116 2139 233 2188 dam
255 2138 559 2202 temporibus
583 2139 652 2188 rei
686 2139 914 2203 publicae
949 2149 1160 2201 nostrae,
1187 2157 1300 2189 cum
1335 2150 1628 2204 praepotens
1664 2150 1788 2191 terra

117 2219 339 2283 marique
358 2220 612 2283 Karthago
637 2220 752 2268 nixa
775 2222 966 2270 duabus
993 2221 1249 2284 Hispaniis
1273 2221 1387 2269 huic
1410 2221 1614 2284 imperio
1633 2222 1787 2270 immi-

115 2309 254 2350 neret
276 2308 327 2350 et
349 2316 462 2349 cum
493 2301 595 2350 duo
634 2300 822 2349 lumina
850 2301 1004 2350 nostri
1034 2301 1208 2364 imperi
1244 2302 1406 2350 subito
1442 2302 1493 2350 in
1526 2302 1784 2365 Hispania,

116 2381 208 2430 Cn.
237 2387 286 2429 et
308 2381 360 2429 P.
382 2379 635 2444 Scipiones
653 2380 882 2429 exstincti
896 2381 1206 2442 occidissent,
1230 2383 1284 2429 L.
1308 2381 1524 2431 Marcius
1538 2383 1682 2446 primi
1698 2383 1786 2447 pili

113 2460 336 2511 centurio
370 2477 484 2510 cum
524 2462 782 2512 Gaditanis
822 2464 997 2512 foedus
1034 2463 1176 2513 icisse
1218 2463 1406 2513 dicitur.
1481 2465 1632 2526 Quod
1671 2482 1786 2514 cum

47 2569 90 2600 30
111 2542 267 2606 magis
290 2543 389 2592 fide
411 2542 541 2593 illius
563 2544 747 2608 populi,
773 2543 956 2593 iustitia
978 2555 1159 2606 nostra,
1180 2554 1418 2594 vetustate
1442 2546 1656 2610 denique
1680 2546 1786 2610 ipsa

113 2637 266 2685 quarn
302 2621 468 2686 aliquo
503 2624 705 2686 publico
736 2624 934 2673 vinculo
970 2623 1218 2688 religionis
1258 2627 1516 2685 teneretur,
1542 2625 1785 2688 sapientes

111 2701 338 2751 homines
383 2711 433 2752 et
476 2702 662 2766 publici
706 2701 823 2752 iuris
868 2705 1024 2768 periti,
1062 2705 1309 2766 Gaditani,
1361 2708 1430 2754 M.
1480 2706 1672 2769 Lepido
1719 2707 1781 2768 Q.

113 2781 293 2832 Catulo
316 2783 600 2834 consulibus
622 2801 652 2835 a
675 2795 847 2836 senatu
877 2787 939 2837 de
963 2787 1162 2837 foedere
1197 2788 1578 2851 postulaverunt.
1650 2790 1783 2836 Tum

245 2890 350 2926 ΚΒ.
1641 2898 1668 2944 3
