1956 3138
181 139 241 184 28
694 136 843 185 PRO
887 137 944 184 L.
1001 136 1377 185 CORNELIO
1562 133 1744 203 ,[V111
1771 137 1832 188 20

178 244 445 307 imperitius
483 261 628 308 quam
665 246 940 294 foederatos
979 245 1193 307 populos
1217 243 1320 293 fieri
1357 243 1536 292 fundos
1577 247 1836 307 oportere?

178 326 310 372 'Nam
334 325 385 374 id
409 341 509 375 non
533 324 686 388 magis
710 333 782 374 est
805 324 1052 388 proprium
1066 325 1425 372 foederatorum
1449 338 1596 386 quam
1614 323 1834 373 omnium

177 403 452 456 liberorum.
525 406 622 454 Sed
646 414 804 454 totum
828 406 937 465 hoc,
966 404 1165 464 iudices,
1191 403 1242 451 in
1271 420 1329 452 ea
1351 402 1441 451 fuit
1475 403 1689 466 positum
1712 420 1835 453 sem-.

176 500 264 546 per
318 485 504 534 ratione
559 494 709 548 atque
767 486 1022 546 sententia,
1069 493 1136 544 ut,
1185 501 1296 532 cum
1352 483 1570 532 iussisset
1624 485 1836 548 populus

180 565 438 613 Romanus
482 564 679 627 aliquid,
724 565 764 614 si
798 565 850 614 id
890 565 1170 614 ascivissent
1209 564 1328 614 socii
1364 564 1535 628 populi
1571 580 1631 613 ac
1668 564 1833 615 Latini
1881 590 1901 622 ⁵

182 651 231 691 et
263 643 302 692 si
326 660 384 692 ea
407 646 498 705 lex,
525 661 671 707 quam
709 661 799 693 nos
836 646 1140 704 haberemus,
1166 646 1340 693 eadem
1369 644 1419 692 in
1452 646 1638 707 populo
1671 631 1836 708 aliquo

180 733 432 786 tamquam
455 725 504 773 in
529 726 683 774 fundo
707 725 977 784 resedisset,
1003 734 1057 774 ut
1080 734 1184 773 tum
1208 727 1315 788 lege
1341 726 1514 774 eadem
1550 725 1591 775 is
1626 727 1838 789 populus

181 812 438 866 teneretur,
463 822 565 855 non
588 815 643 855 ut
666 807 729 855 de
753 815 919 856 nostro
944 807 1043 857 iure
1062 807 1245 870 aliquid
1270 807 1644 868 deminueretur,
1671 809 1759 858 sed
1781 816 1836 858 ut

182 883 250 934 illi
274 887 445 949 populi
467 896 550 936 aut
581 886 683 936 iure
719 903 792 948 eo,
820 888 953 950 quod
990 904 1021 936 a
1053 887 1195 936 nobis
1231 897 1359 937 esset
1394 888 1726 949 constitutum,
1752 897 1838 938 aut

93 971 156 1017 21
181 970 344 1032 aliquo
371 970 636 1018 commodo
675 978 758 1017 aut
794 967 1035 1018 beneficio
1071 977 1332 1017 uterentur.
1404 970 1538 1018 Tulit
1574 970 1707 1031 apud
1742 985 1842 1018 ma·
1865 995 1906 1017 ιο

181 1049 307 1097 iores
330 1057 524 1098 nostros
547 1051 705 1111 legem
731 1050 786 1099 C.
815 1049 986 1098 Furius
1024 1050 1087 1098 de
1119 1049 1432 1110 testamentis,
1459 1050 1568 1099 tulit
1591 1051 1652 1111 Q.
1678 1051 1838 1099 Voco-

181 1129 292 1178 nius
317 1130 379 1178 de
403 1129 660 1178 mulierum
683 1129 1033 1179 hereditatibus
1042 1147 1055 1190 3
1080 1129 1455 1179 innumerabiles
1478 1131 1600 1180 aliae
1617 1132 1749 1198 leges
1773 1131 1837 1180 de

179 1208 308 1257 civili
339 1208 442 1258 iure
474 1217 586 1258 sunt
610 1211 759 1258 latae:
786 1226 906 1272 quas
931 1209 1092 1257 Latini
1114 1211 1382 1270 voluerunt,
1407 1210 1700 1260 asciverunt:
1731 1210 1839 1273 ipsa

183 1288 397 1351 denique
423 1289 563 1348 Iulia,
590 1306 687 1351 qua
711 1291 817 1351 lege
842 1289 1010 1338 civitas
1035 1298 1108 1338 est
1132 1289 1275 1338 sociis
1299 1298 1347 1338 et
1383 1289 1566 1338 Latinis
1601 1291 1728 1350 data,
1754 1288 1839 1353 qui

179 1372 318 1420 fundi
359 1370 529 1434 populi
552 1371 665 1419 sacti
701 1387 803 1420 non
840 1380 1017 1430 essent,
1043 1370 1287 1419 civitatem
1323 1387 1425 1420 non
1460 1371 1708 1420 haberent.
1779 1372 1842 1418 In
1866 1393 1904 1424 ις

183 1468 282 1514 quo
306 1467 484 1514 magna
507 1451 758 1500 contentio
784 1450 1176 1499 Heracliensium
1202 1459 1252 1499 et
1275 1450 1713 1513 Neapolitanorum
1735 1450 1839 1510 fuit,

182 1549 294 1580 cum
318 1548 495 1594 magna
517 1548 626 1594 pars
650 1530 699 1578 in
725 1530 793 1579 eis
812 1530 1085 1580 civitatibus
1104 1531 1311 1579 foederis
1335 1531 1409 1579 sui
1432 1530 1704 1580 libertatem
1727 1529 1840 1580 civi-

182 1612 269 1661 tati
292 1614 562 1661 anteferret.
634 1614 888 1660 Postremo
911 1612 1034 1659 haec
1056 1611 1127 1660 vis
1154 1621 1224 1660 est
1249 1611 1384 1660 istius
1409 1620 1456 1660 et
1479 1610 1592 1660 iuris
1616 1619 1664 1660 et
1686 1610 1834 1671 verbi,

18 1728 21 1731 -
97 1693 159 1739 22
186 1700 238 1740 ut
262 1691 400 1740 fundi
423 1691 592 1754 populi
625 1691 865 1739 beneficio
900 1699 1082 1750 nostro,
1109 1706 1211 1738 non
1247 1707 1334 1738 suo
1372 1690 1472 1739 iure
1506 1692 1634 1739 fiant.
1709 1691 1836 1739 Cum

184 1774 370 1836 aliquid
398 1775 611 1836 populus
641 1775 896 1822 Romanus
920 1772 1072 1832 iussit,
1098 1772 1149 1820 id
1174 1771 1214 1820 si
1245 1780 1319 1821 est
1354 1771 1458 1820 eius
1489 1771 1626 1820 modi
1653 1779 1707 1820 ut
1741 1770 1842 1834 qui·
1865 1798 1906 1819 20

184 1858 393 1905 busdam
439 1856 633 1919 populis
681 1855 781 1904 sive
821 1855 1079 1904 foederatis
1122 1854 1222 1903 sive
1261 1854 1424 1903 liberis
1459 1853 1839 1918 permittendum

185 1954 290 1986 esse
321 1936 555 1997 videatur,
583 1946 636 1985 ut
677 1946 891 1985 statuant
928 1936 1020 1999 ipsi
1058 1953 1159 1985 non
1192 1937 1254 1985 de
1294 1936 1485 1995 nostris,
1512 1937 1600 1985 sed
1640 1936 1702 1984 de
1740 1935 1839 1984 suis

181 2019 339 2077 rebus,
367 2032 465 2079 quo
490 2016 592 2064 iure
616 2015 686 2064 uti
709 2015 872 2074 velint,
898 2025 1002 2065 tum
1027 2025 1188 2064 utrum
1213 2016 1351 2064 fundi
1374 2014 1489 2064 facti
1513 2014 1608 2064 sint
1643 2031 1707 2063 an
1737 2030 1839 2064 non

182 2097 514 2158 quaerendum
540 2111 644 2144 esse
663 2095 873 2144 videtur:
900 2096 961 2143 de
986 2104 1149 2143 nostra
1165 2111 1277 2143 vero
1300 2111 1351 2143 re
1368 2093 1577 2157 publica,
1595 2094 1657 2142 de
1672 2101 1839 2142 nostro

182 2177 399 2239 imperio,
426 2177 489 2225 de
512 2175 686 2224 nostris
710 2175 864 2235 bellis,
892 2176 952 2223 de
976 2174 1190 2234 victoria,
1217 2175 1278 2223 de
1304 2175 1457 2222 salute
1481 2174 1657 2222 fundos
1689 2189 1843 2236 popu·
1866 2197 1905 2228 25

181 2258 255 2306 los
290 2256 392 2305 fieri
438 2258 708 2305 noluerunt.
799 2258 888 2303 IX.
960 2255 1114 2317 Atqui
1150 2254 1189 2303 si
1230 2254 1599 2317 imperatoribus
1645 2252 1837 2312 nostris,

182 2336 222 2384 si
246 2335 447 2396 senatui,
474 2335 513 2384 si
536 2337 722 2398 populo
747 2336 978 2383 Romano
1002 2350 1104 2382 non
1135 2334 1300 2382 licebit
1333 2332 1592 2396 propositis
1615 2331 1840 2395 praemiis

181 2415 353 2464 elicere
389 2431 448 2463 ex
475 2414 750 2463 civitatibus
776 2414 1020 2462 sociorum
1054 2422 1202 2476 atque
1237 2413 1504 2461 amicorum
1529 2412 1840 2461 fortissimum

181 2503 329 2556 atque
354 2494 593 2556 optimum
619 2510 865 2556 quemque
889 2494 953 2542 ad
978 2493 1234 2541 subeunda
1255 2509 1343 2554 pro
1374 2494 1526 2540 salute
1558 2499 1724 2540 nostra
1757 2507 1841 2554 pe-

179 2574 341 2632 ricula,
364 2589 551 2621 summa
575 2573 779 2622 utilitate
803 2590 861 2621 ac
883 2573 1098 2620 maximo
1123 2588 1267 2634 saepe
1292 2570 1535 2634 praesidio
1558 2569 1841 2634 periculosis
1866 2595 1907 2626 30

93 2656 155 2702 23
181 2663 327 2716 atque
363 2653 543 2716 asperis
580 2653 880 2716 temporibus
926 2654 1190 2702 carendum
1230 2652 1372 2701 nobis
1413 2651 1514 2701 erit.
1602 2651 1713 2710 Sed,
1754 2667 1842 2713 per

183 2735 302 2782 deos
334 2732 630 2793 immortalis,
658 2749 783 2795 quae
820 2741 893 2781 est
925 2732 1016 2781 ista
1052 2732 1273 2792 societas,
1299 2747 1426 2794 quae
1456 2730 1680 2790 amicitia,
1706 2729 1840 2792 quod

180 2816 367 2872 foedus,
394 2822 448 2862 ut
471 2822 554 2863 aut
577 2823 743 2863 nostra
778 2813 948 2862 civitas
983 2820 1144 2861 careat
1179 2811 1228 2860 in
1266 2811 1364 2860 suis
1404 2809 1628 2875 periculis
1670 2808 1841 2859 Massi-
