1956 3138
157 150 233 198 1v
257 146 308 216 9]
687 148 940 197 BALBO
992 146 1134 196 ΘΚΑ
1146 145 1284 194 Tlo.
1754 161 1783 211 ².
1785 161 1812 207 3

155 255 305 320 digna
337 271 532 306 summo
576 255 881 319 imperatore,
918 271 1029 318 spes
1069 269 1158 317 pro
1203 252 1430 316 periculis
1474 251 1811 317 praemiorum.

155 336 379 386 Praemia
401 337 602 400 quidem
624 335 730 399 ipsa
752 351 853 384 non
877 344 988 384 sunt
1013 334 1063 382 in
1095 334 1198 383 eius
1231 336 1360 383 facto
1386 334 1471 397 qui
1494 335 1700 396 adeptus
1725 342 1812 390 est,

154 416 244 466 sed
265 415 318 464 in
340 415 444 466 eius
466 415 553 479 qui
574 414 732 465 dedit:
780 417 880 463 ΙΙΙ.
929 415 1139 463 donatus
1175 423 1250 462 est
1283 413 1428 477 igitur
1450 413 1514 463 ob
1539 430 1620 462 eas
1645 429 1814 461 causas

152 512 184 546 a
214 497 306 547 Cn.
347 494 586 559 Pompeio
626 494 833 544 civitate.
907 495 971 543 Id
1005 503 1263 543 accusator
1296 510 1400 542 non
1433 502 1593 557 negat,
1619 494 1708 543 sed
1741 509 1814 542 re-

107 602 130 635 ⁵
150 575 425 640 prehendit,
451 585 506 625 ut
527 575 580 624 in
603 574 836 626 Cornelio
861 590 1009 623 causa
1031 573 1183 636 ipsius
1211 575 1458 637 probetur,
1484 589 1646 636 poena
1670 589 1815 636 quae-

151 664 296 717 ratur,
342 656 411 706 inv
441 654 681 719 Pompeio
720 672 870 704 causa
914 656 1150 716 laedatur,
1197 671 1360 718 poena
1414 654 1476 704 sit
1528 656 1663 703 nulla
1719 654 1813 703 nisi

148 737 329 786 famae:
368 736 440 786 sic
472 735 863 786 innocentissimi
902 735 1115 785 hominis
1150 737 1383 796 fortunas,
1412 734 1812 798 praestantissimi

147 815 452 880 imperatoris
490 817 675 865 factum
699 815 1018 865 condemnari
1051 817 1237 865 volunt.
1311 819 1440 879 Er'go
1485 815 1537 864 in
1577 815 1811 864 iudicium

147 907 297 962 caput
326 897 537 960 Corneli,
574 899 756 947 factum
786 897 992 961 Pompei
1022 907 1234 947 vocatur.
1309 899 1464 945 Hunc
1499 896 1631 946 enim
1666 896 1718 944 in
1753 913 1812 946 ea

67 1004 124 1027 -ιο
145 978 352 1040 civitate,
377 978 429 1028 in
453 995 553 1043 qua
569 988 643 1029 est
665 989 824 1041 natuS,
850 980 1195 1030 honestissimo
1218 981 1331 1029 loco
1363 987 1532 1027 natum
1566 994 1672 1028 esse
1697 994 1811 1027 con-

146 1059 280 1110 cedis
316 1069 367 1110 et
401 1061 466 1110 ab
505 1048 707 1110 ineunte
745 1069 905 1110 aetate
942 1060 1121 1109 relictis
1158 1060 1302 1109 rebus
1342 1059 1439 1108 suis
1476 1059 1718 1119 omnibuS,
1757 1058 1808 1107 in

144 1139 320 1190 nostris
342 1139 482 1190 bellis
506 1139 682 1189 nostris
706 1157 819 1189 cum
842 1140 1215 1204 imperatoribus
1235 1156 1340 1189 esse
1356 1149 1612 1200 versatum,
1629 1138 1807 1188 nullius

143 1222 336 1285 laboris,
375 1223 554 1273 nullius
593 1222 906 1287 opsessionis‚
946 1223 1126 1271 nullius
1163 1221 1317 1285 proeli
1352 1230 1597 1284 expertem
1642 1221 1802 1270 fuisse.

145 1308 291 1356 Haec
325 1315 439 1356 sunt
478 1305 646 1355 omnia
678 1323 794 1355 cum
828 1307 975 1368 plena
1009 1304 1167 1354 laudis
1201 1314 1306 1353 tum
1352 1303 1546 1367 propria
1591 1303 1803 1364 Corneli,

78 1411 118 1440 15
140 1400 234 1434 nec
256 1384 308 1433 in
331 1384 401 1434 eis
431 1385 576 1434 rebus
600 1383 784 1433 crimen
819 1393 892 1434 est
926 1386 1096 1433 ullum.
1169 1383 1272 1433 Ubi
1306 1383 1451 1447 igitur
1484 1391 1559 1432 est
1593 1383 1805 1433 crimen?
1830 1384 1858 1432 7

143 1465 293 1528 Quod
338 1481 453 1515 eum
510 1464 775 1527 Pompeius
820 1464 1015 1513 civitate
1062 1463 1274 1512 donavit.
1370 1463 1534 1513 Huius
1584 1465 1807 1513 crimen?

142 1545 365 1606 Minime,
386 1545 479 1595 nisi
492 1546 651 1596 honos
674 1545 942 1609 ignominia
964 1547 1184 1608 putanda
1198 1554 1283 1594 est.
1335 1544 1487 1594 Cuius
1510 1543 1679 1607 igitur?
1725 1546 1803 1594 Re

138 1643 252 1678 vera
291 1626 492 1677 nullius:
550 1626 746 1676 actione
783 1625 1091 1687 accusatoris,
1129 1625 1231 1674 eius
1267 1625 1414 1693 *unius
1445 1625 1531 1688 qui
1571 1624 1773 1675 donavit
1788 1644 1802 1688 3

139 1709 225 1774 qui
248 1709 288 1760 si
310 1710 553 1759 adductus
576 1708 729 1772 gratia
746 1708 907 1757 minus
932 1708 1168 1758 idoneum
1186 1707 1436 1757 hominem
1456 1707 1673 1771 praemio
1692 1708 1804 1756 affe-

71 1816 115 1839 80
136 1789 294 1852 cisset‚
328 1789 448 1854 quin
480 1790 627 1840 etiam
663 1790 703 1838 si
747 1789 904 1839 virum
938 1790 1141 1849 bonum,
1168 1788 1254 1838 sed
1294 1805 1396 1836 non
1436 1788 1505 1836 ita
1543 1787 1770 1837 meritum
1786 1803 1800 1847 3

137 1872 179 1922 si
201 1871 414 1936 denique
437 1871 620 1935 aliquid
643 1888 745 1921 non
769 1880 939 1921 contra
962 1887 1021 1920 ac
1043 1871 1210 1920 liceret
1232 1871 1415 1919 facturn
1439 1869 1691 1930 diceretur,
1712 1868 1801 1918 sed

136 1962 307 2003 contra
327 1962 475 2018 atque
505 1962 764 2017 oporteret,
791 1962 958 2002 tamen
990 1961 1118 2002 esset
1154 1952 1313 2002 omnis
1338 1952 1440 2002 eius
1472 1952 1608 2002 modi
1644 1969 1801 2015 repre-

134 2033 309 2084 hensio
331 2051 362 2083 a
393 2033 549 2095 vobiS,
574 2033 775 2094 iudices,
800 2033 1116 2097 repudianda„
1193 2036 1342 2082 Nunc
1376 2049 1491 2082 vero
1533 2033 1652 2096 quid
1684 2033 1799 2082 dici·
1822 2035 1852 2082 8

135 2116 242 2164 tur?
289 2113 425 2176 Quid
447 2113 515 2163 ait
548 2115 840 2163 accusator?
889 2112 1085 2162 Fecisse
1109 2112 1401 2175 Pompeium
1425 2113 1557 2175 quod
1579 2111 1623 2161 ei
1640 2112 1798 2162 facere

69 2219 110 2251 25
132 2211 234 2244 non
268 2195 479 2246 licuerit:
527 2196 664 2258 quod
699 2194 888 2258 gravius
926 2202 999 2244 est
1034 2210 1181 2257 quam
1224 2193 1265 2242 si
1309 2193 1363 2242 id
1402 2194 1586 2242 facturn
1625 2194 1688 2242 ab
1735 2208 1797 2242 eo

133 2275 332 2337 diceret,
357 2276 493 2339 quod
523 2292 626 2325 non
664 2274 961 2337 oportuisset
971 2292 985 2335 3
1023 2283 1096 2324 est
1127 2274 1258 2323 enim
1294 2274 1480 2337 aliquid
1520 2274 1654 2336 quod
1695 2290 1795 2323 non

134 2365 371 2420 oporteat,
398 2356 545 2407 etiam
569 2355 611 2405 si
633 2355 746 2405 licet
759 2373 774 2417 ;
812 2354 1054 2419 quidquid
1093 2371 1209 2404 vero
1242 2371 1344 2403 non
1375 2354 1502 2414 licet,
1526 2363 1656 2403 certe
1692 2371 1791 2404 non

133 2445 339 2501 oportet.

235 2520 322 2567 IV.
395 2518 498 2567 Hic
531 2534 624 2582 ego
660 2535 792 2568 nunc
826 2526 1026 2567 cuncter
1071 2516 1099 2542 ⁴*
1166 2516 1195 2542 ⁴*
1260 2516 1289 2542 ἰ’
1356 2516 1384 2544 ⁹⁵
1453 2516 1481 2542 ᾖ
1548 2516 1576 2545 ⁹⁵
1658 2517 1794 2579 Quid
1819 2519 1846 2566 9

64 2624 108 2655 3ο
128 2597 262 2648 enim
293 2598 430 2647 abest
461 2598 576 2647 huic
606 2598 809 2658 homini,
836 2598 970 2661 quod
1002 2597 1042 2646 si
1069 2598 1276 2657 adesset,
1302 2597 1403 2647 iure
1426 2598 1547 2647 haec
1571 2596 1615 2647 ei
1650 2598 1795 2648 tribui

130 2689 182 2730 et
203 2678 413 2729 concedi
435 2682 748 2743 putaremus?
783 2682 983 2730 Ususne
1007 2681 1195 2729 rerum?
1233 2679 1332 2742 Qui
1349 2679 1584 2742 pueritiae
1599 2688 1792 2742 tempus

129 2767 401 2809 extremum
446 2759 739 2822 principium
783 2759 954 2809 habuit
1000 2759 1239 2808 bellorum
1284 2768 1430 2822 atque
1481 2759 1792 2823 imperiorum

130 2840 491 2891 maximorum?
544 2840 698 2891 Cuius
734 2840 954 2905 plerique
989 2842 1218 2904 aequales
1253 2841 1414 2891 minus
1456 2857 1600 2905 saepe
1635 2836 1792 2890 castra
