1956 3138
191 191 249 222 22
670 174 819 223 PRO
862 175 919 222 L
977 174 1351 223 CORNELIO
1735 173 1783 243 [1
1808 192 1836 239 3

191 283 365 331 Crasso
397 280 569 343 potuit,
595 280 792 329 homine
816 290 931 330 nato
954 282 1019 330 ad
1043 279 1239 330 dicendi
1270 280 1560 344 singularem
1590 285 1837 347 quandam
1884 327 1885 331 ,

188 362 478 421 facultatem,
505 361 546 409 si
568 362 695 409 hanc
717 377 913 410 causam
936 370 1110 424 ageret,
1134 361 1287 411 maior
1320 378 1425 411 esse
1463 364 1657 412 ubertas
1690 363 1838 414 varie-

190 449 262 488 tas
293 440 449 502 copia,
474 456 621 502 quam
645 440 736 488 fuit
764 440 814 488 in
846 457 906 489 eo
942 440 1026 502 qui
1050 449 1239 489 tantum
1263 440 1422 503 potuit
1454 440 1694 504 impertire
1724 442 1839 492 huic

189 519 352 568 studio
387 520 632 583 temporis,
671 528 907 582 quantum
943 520 1047 582 ipse
1087 537 1116 568 a
1157 520 1363 583 pueritia
1407 537 1564 584 usque
1601 522 1667 571 ad
1709 522 1838 571 hanc

133 599 165 646 4
187 610 396 650 aetatem
418 618 448 649 a
471 601 712 650 continuis
736 600 874 650 bellis
900 610 947 650 et
970 601 1484 665 victoriis-conquievit
1501 605 1524 652 Ρ
1581 602 1839 664 Quo'mihi
1886 629 1905 659 5

189 681 428 729 difficilior
452 690 525 729 est
547 681 627 729 hic
652 690 889 730 extremus
920 681 1175 744 perorandi
1209 683 1357 730 locus.
1430 681 1627 731 Etenim
1661 681 1707 732 ei
1737 698 1838 732 suc-

189 763 314 810 cedo
337 761 556 821 orationi,
583 777 709 823 quae
733 777 833 810 non
855 770 1184 823 praetervecta
1208 761 1268 810 sit
1291 761 1417 810 auris
1451 770 1646 821 vestras,
1667 763 1754 811 sed
1787 762 1839 811 in

189 839 362 887 animis
397 839 616 888 omnium
655 839 848 902 penitus
887 839 1130 900 insederit,
1156 849 1210 888 ut
1243 842 1353 902 plus
1380 839 1641 904 voluptatis
1679 857 1740 890 ex
1770 857 1840 890 re-

189 919 471 968 cordatione
516 919 642 968 illius
688 919 931 979 orationis,
971 936 1118 982 quam
1157 935 1258 967 non
1299 922 1450 969 modo
1491 937 1551 969 ex
1585 937 1709 981 mea,
1752 922 1841 971 sed

189 999 475 1062 cuiusquam
507 999 721 1048 oratione
756 1015 929 1061 capere
965 999 1174 1062 possitis,
1247 1002 1316 1048 ΙΙ.
1387 1002 1485 1050 Sed
1514 1017 1620 1050 mos
1656 1011 1729 1051 est
1761 1018 1840 1066 ge·
1867 1029 1906 1050 ιο

188 1080 368 1128 rendus
391 1095 492 1127 non
516 1080 667 1127 modo
693 1079 936 1138 Cornelio,
963 1078 1100 1127 cuius
1125 1095 1215 1141 ego
1241 1079 1478 1128 voluntati
1508 1079 1559 1127 in
1589 1081 1691 1129 eius
1721 1080 1842 1144 peri-

189 1158 310 1206 culis
346 1160 481 1206 nullo
516 1159 667 1207 modo
703 1159 872 1207 deesse
907 1175 1122 1221 possum,
1165 1159 1251 1206 sed
1286 1159 1432 1207 etiam
1467 1161 1559 1209 Cn.
1586 1160 1836 1224 Pompeio,

189 1239 274 1302 qui
308 1239 382 1288 sui
415 1239 542 1299 facti,
569 1240 642 1287 sui
675 1240 837 1299 iudici,
863 1239 936 1288 sui
969 1239 1176 1288 benefici
1199 1239 1352 1288 voluit
1379 1256 1459 1288 me
1481 1256 1601 1300 esse,
1625 1249 1681 1289 ut
1707 1242 1841 1304 apud

192 1322 393 1369 eosdem
418 1337 520 1379 vos,
546 1320 745 1380 iudices,
773 1336 928 1382 nuper
957 1319 1009 1367 in
1032 1319 1124 1367 alia
1148 1335 1294 1367 causa
1316 1319 1501 1381 fuerim,
1527 1329 1575 1369 et
1596 1320 1842 1384 praedica-

191 1410 347 1449 torem
372 1410 420 1449 et
443 1410 671 1449 actorem.

136 1483 163 1529 5
286 1483 363 1529 Ac
407 1482 526 1529 mihi
563 1481 763 1543 quidem
803 1482 900 1531 hoc
941 1481 1144 1544 dignum
1181 1498 1232 1530 re
1268 1481 1464 1544 publica
1502 1481 1704 1542 videtur,
1743 1483 1840 1532 hoc

189 1561 354 1610 deberi
393 1561 534 1609 huius
572 1561 852 1610 excellentis
890 1561 977 1610 viri
1018 1561 1456 1624 praestantissimae
1502 1561 1696 1624 gloriae,
1743 1563 1840 1612 hoc

186 1641 434 1704 proprium
470 1658 574 1690 esse
608 1641 751 1690 vestri
787 1641 928 1700 offici,
954 1643 1049 1689 hoc
1084 1640 1198 1689 satis
1233 1657 1338 1689 esse
1363 1642 1566 1700 causae,
1601 1649 1670 1701 ut,
1703 1643 1839 1704 quod

187 1722 359 1771 fecisse
396 1724 485 1771 Cn.
514 1722 804 1784 Pompeium
842 1731 1047 1782 constet,
1071 1721 1124 1769 id
1159 1737 1330 1770 omnes
1365 1721 1411 1770 ei
1443 1720 1634 1770 licuisse
1667 1737 1839 1771 conce-

188 1806 318 1854 dant.
391 1807 522 1853 Nam
545 1805 702 1853 verius
726 1805 845 1852 nihil
877 1813 963 1864 est,
990 1821 1139 1867 quam
1175 1805 1310 1866 quod
1346 1804 1572 1852 hesterno
1606 1802 1687 1852 die
1721 1803 1841 1852 dixit
1864 1831 1905 1852 20

188 1883 305 1946 ipse,
330 1883 397 1932 ita
422 1886 474 1933 L.
505 1884 785 1934 Cornelium
809 1886 871 1933 de
895 1884 1097 1933 fortunis
1123 1883 1351 1932 omnibus
1376 1883 1620 1944 dimicare,
1644 1892 1698 1932 ut
1732 1885 1838 1932 nul-

186 1964 278 2013 lius
301 1964 352 2012 in
376 1964 541 2013 delicti
563 1965 745 2013 crimen
769 1974 1032 2014 vocaretur.
1094 1966 1211 2012 Non
1236 1963 1366 2012 enim
1388 1965 1570 2012 furatus
1594 1979 1700 2012 esse
1725 1963 1838 2025 civi-⁸

188 2053 351 2104 tatem,
378 2060 478 2093 non
501 2060 655 2106 genus
681 2061 822 2093 suum
852 2044 1124 2104 ementitus,
1152 2061 1253 2093 non
1281 2044 1332 2092 in
1366 2044 1530 2106 aliquo
1564 2043 1839 2107 impudenti

186 2123 445 2172 mendacio
470 2124 730 2182 delituisse,
754 2141 855 2173 non
880 2123 1123 2187 irrepsisse
1147 2123 1198 2171 in
1221 2140 1421 2172 censum
1450 2122 1648 2173 dicitur:
1683 2132 1835 2172 unum

186 2204 406 2263 obicitur,
447 2214 617 2253 natum
655 2221 760 2253 esse
802 2204 1033 2264 Gadibus,
1077 2205 1212 2267 quod
1251 2213 1395 2266 negat
1434 2220 1594 2253 nemo.
1665 2205 1840 2254 Cetera
1863 2231 1902 2261 25

185 2292 436 2332 accusator
458 2285 647 2344 fatetur,
673 2285 804 2331 hunc
828 2283 878 2330 in
904 2283 1147 2345 Hispania
1178 2282 1433 2331 durissimo
1468 2283 1599 2331 bello
1633 2298 1746 2330 cum
1772 2284 1831 2344 Q.

187 2365 405 2422 Metello‚
432 2380 545 2411 cum
571 2365 627 2413 C.
663 2363 904 2412 Memmio
929 2372 977 2411 et
1006 2363 1056 2410 in
1088 2364 1239 2411 classe
1276 2371 1324 2411 et
1347 2362 1398 2410 in
1429 2362 1642 2410 exercitu
1665 2361 1812 2411 fuisse
1821 2382 1835 2424 3

179 2449 234 2489 ut
280 2440 542 2503 Pompeius
583 2441 633 2489 in
677 2441 968 2504 Hispaniam
1005 2440 1191 2490 venerit
1231 2440 1622 2503 Memmiumque
1655 2442 1835 2490 habere

185 2529 491 2582 quaestorem
515 2521 743 2584 coeperit,
770 2537 1040 2583 numquam
1063 2537 1093 2568 a
1117 2519 1358 2568 Memmio
1393 2519 1686 2581 discessisse,
1713 2522 1835 2569 Kar-

184 2600 380 2663 thagine
422 2617 525 2650 esse
563 2617 828 2664 opsessum,
867 2600 1110 2649 acerrimis
1146 2599 1239 2648 illis
1274 2599 1469 2662 proeliis
1509 2597 1561 2648 et‘
1596 2599 1832 2660 maximis,
1857 2626 1897 2656 30

184 2680 474 2728 Sucronensi
508 2689 557 2729 et
590 2680 831 2741 Turiensi,
857 2680 1142 2740 interfuisse,
1169 2695 1280 2727 cum
1316 2679 1553 2741 Pompeio
1586 2680 1652 2728 ad
1685 2688 1834 2728 extre-

131 2762 158 2808 6
183 2777 318 2808 mum
341 2761 456 2809 belli
479 2770 671 2824 tempus
694 2761 853 2810 fuisse.
905 2749 1050 2809 Haec
1073 2769 1185 2809 sunt
1206 2759 1400 2822 propria
1424 2759 1642 2810 Corneli:
1677 2759 1832 2822 pietas

183 2841 234 2889 in
267 2857 369 2891 rem
402 2842 649 2906 publicam
682 2851 913 2903 nostram,
938 2842 1079 2891 labor
1111 2839 1379 2901 assiduitaS,
1402 2839 1650 2889 dimicatio
1682 2838 1831 2888 virtus
