1956 3138
125 124 391 215 xv1139]
659 147 912 198 BALBO
961 147 1106 197 ORA
1117 146 1252 198 ΠΟ.
1724 159 1787 211 35

123 264 254 318 vent,
291 254 345 307 id
379 263 469 318 est,
510 263 566 305 ut
609 255 820 319 populus
857 256 1113 304 Romanus
1150 271 1288 304 suam
1333 253 1638 304 maiestatem
1684 271 1793 304 esse

125 335 311 385 salvam
345 334 475 385 velit.
548 334 699 397 Quod
736 333 776 383 si
816 332 914 383 iam
945 333 1014 383 ita
1049 342 1192 393 esset,
1234 341 1290 382 ut
1335 349 1442 383 esse
1477 350 1581 382 non
1611 342 1789 396 potest,

127 425 298 466 tamen
338 416 402 465 de
424 422 593 465 nostra
615 412 885 474 maiestate,
910 412 1033 461 nihil
1057 413 1120 463 de
1143 412 1336 462 illorum
1366 422 1628 462 caveretur.
1701 415 1793 463 Po-

125 505 285 546 testne
307 495 452 560 igitur
472 503 640 546 nostra
661 494 890 545 maiestas
913 511 944 543 a
967 494 1224 544 Gaditanis
1254 494 1467 557 benigne
1498 495 1790 555 conservari,

83 601 104 634 s
125 575 168 627 si
210 577 276 627 ad
334 593 445 627 eam
506 575 815 626 retinendam
875 575 1148 626 Gaditanos
1187 575 1414 639 praemiis
1469 575 1643 626 elicere
1688 593 1792 626 non

125 659 418 722 possumus?
484 658 655 707 Potest
702 672 808 706 esse
855 657 956 705 ulla
999 655 1218 719 denique
1262 655 1505 718 maiestas,
1554 656 1595 705 si
1639 656 1792 720 impe-

126 738 289 790 dimur
333 753 435 802 quo
479 736 642 787 minus
687 753 775 800 per
819 737 1061 800 populum
1108 738 1394 785 Romanum
1439 737 1793 787 beneficiorum

124 817 314 869 virtutis
337 834 487 868 causa
508 818 879 868 tribuendorum
901 825 1198 881 potestatem
1216 815 1589 881 imperatoribus
1612 818 1791 867 nostris

46 961 48 963 ‚
124 900 437 950 deferamus?

59 1006 101 1029 ιο
222 981 392 1029 XVII.
464 979 561 1030 Sed
591 977 710 1042 quid
745 995 838 1043 ego
873 979 1071 1042 disputo
1102 995 1227 1043 quae
1262 978 1381 1027 mihi
1415 988 1532 1039 tum,
1562 979 1602 1029 si
1643 979 1791 1030 Gadi·
1816 981 1879 1029 38

123 1060 228 1112 tani
264 1070 438 1111 contra
476 1077 558 1111 me
602 1061 835 1121 dicerent,
859 1077 973 1110 vere
996 1077 1143 1124 posse
1178 1060 1276 1110 dici
1299 1061 1614 1110 viderentur?
1684 1062 1789 1111 Illis

123 1142 257 1194 enim
274 1143 607 1208 repetentibus
623 1145 677 1192 L.
697 1143 981 1194 Cornelium
1005 1144 1354 1206 responderem
1377 1144 1536 1206 legem
1550 1144 1791 1206 populum

123 1226 411 1274 Romanum
434 1223 632 1273 iussisse
657 1225 720 1274 de
743 1223 938 1273 civitate
962 1224 1223 1273 tribuenda
1237 1242 1253 1285 ,-
1285 1224 1401 1272 huic
1435 1224 1602 1287 generi
1625 1226 1791 1289 legum

124 1306 304 1355 fundos
338 1306 549 1368 populos
573 1304 677 1354 fieri
709 1320 812 1353 non
848 1305 1003 1353 solere
1013 1321 1028 1364 3
1064 1305 1155 1354 Cn.
1185 1303 1479 1366 Pompeium
1517 1305 1580 1354 de
1615 1306 1790 1355 consili

59 1410 97 1442 15
120 1384 363 1435 sententia
385 1384 630 1434 civitatem
653 1383 768 1433 huic
791 1383 1000 1444 dedisse,
1016 1385 1206 1432 nullum
1230 1383 1401 1447 populi
1424 1384 1578 1434 nostri
1601 1384 1788 1435 iussum

124 1465 399 1516 Gaditanos
452 1466 650 1526 habere,
697 1464 862 1528 itaque
909 1464 1030 1512 nihil
1070 1481 1178 1513 esse
1224 1474 1604 1526 sacrosanctum,
1653 1467 1789 1529 quod

121 1548 231 1609 lege
267 1554 527 1609 exceptum
566 1545 813 1595 videretur
826 1564 842 1608 3
879 1545 920 1594 si
960 1554 1102 1606 esset,
1139 1555 1303 1595 tamen
1338 1545 1389 1594 in
1423 1547 1621 1596 foedere
1668 1547 1790 1596 nihil

122 1642 229 1678 esse
270 1636 469 1676 cautum
505 1635 697 1690 praeter
731 1643 905 1691 pacem
921 1644 937 1689 3
983 1626 1209 1676 additum
1246 1643 1352 1676 esse
1386 1627 1532 1677 etiam
1572 1627 1708 1690 illud,
1734 1638 1790 1678 ut

121 1707 429 1758 maiestatem
473 1707 543 1757 illi
588 1716 807 1758 nostram
847 1724 1135 1757 conservare
1181 1709 1431 1770 deberent,
1481 1725 1609 1772 quae
1656 1719 1788 1759 certe

55 1816 100 1840 80
119 1789 435 1850 minueretur,
458 1788 500 1838 si
521 1797 608 1838 aut
647 1787 952 1839 adiutoribus
989 1789 1182 1838 illorum
1223 1789 1410 1839 civibus
1450 1790 1521 1839 uti
1557 1790 1610 1839 in
1649 1790 1790 1840 bellis

119 1870 264 1920 nobis
296 1886 400 1920 non
433 1869 601 1919 liceret
624 1879 723 1926 vaut
757 1870 945 1934 praemi
983 1870 1231 1920 tribuendi
1266 1880 1563 1935 potestatem
1602 1874 1790 1921 nullam

119 1951 422 2001 haberemus
495 1953 545 2000 N
547 1967 646 2000 unc
667 1967 784 2001 vero
824 1951 945 2015 quid
982 1968 1074 2015 ego
1111 1961 1281 2001 contra
1305 1952 1578 2002 Gaditanos
1601 1955 1785 2017 loquar,
1814 1955 1876 2003 39

119 2048 236 2082 cum
258 2031 312 2082 id
335 2033 474 2096 quod
497 2032 726 2093 defend0‚
742 2033 994 2082 voluntate
1020 2049 1203 2094 eorum,
1224 2033 1526 2093 auctoritate,
1543 2034 1789 2097 legatione

119 2111 226 2176 ipsa
269 2113 652 2176 comprobetur?
744 2112 845 2174 Qui
889 2129 921 2161 a
964 2112 1205 2176 principio
1253 2112 1327 2162 sui
1372 2113 1563 2176 generis
1608 2131 1667 2163 ac
1719 2115 1790 2164 rei

55 2217 96 2250 ος
117 2191 357 2257 publicae,
383 2192 437 2242 id
467 2202 554 2254 est,
581 2193 644 2243 ab
668 2192 805 2242 omni
828 2192 991 2242 studio
1014 2209 1260 2256 sensuque
1294 2195 1574 2243 Poenorum
1611 2195 1789 2244 mentis

119 2290 232 2324 suas
265 2275 331 2324 ad
368 2283 590 2324 nostrum
627 2274 887 2338 imperium
928 2291 1209 2338 nomenque
1246 2276 1510 2326 flexerunt:
1550 2276 1649 2340 qui,
1675 2294 1789 2326 cum

118 2353 332 2404 maxima
364 2355 494 2404 bella
527 2354 670 2405 nobis
704 2355 1008 2417 inferrentur,
1045 2371 1130 2405 eos
1168 2356 1428 2405 moenibus
1466 2359 1786 2419 excluserunt,

118 2434 355 2485 classibus
401 2434 610 2485 insecuti
655 2445 782 2497 sunt,
830 2436 1116 2500 corporibus
1164 2436 1340 2500 opibus
1386 2438 1541 2502 copiis
1589 2440 1788 2502 depule-

116 2523 230 2564 runt
243 2533 260 2577 3
283 2512 369 2578 qui
391 2523 440 2565 et
462 2524 677 2566 veterem
699 2516 833 2565 illam
856 2516 1071 2580 speciem
1095 2517 1305 2566 foederis
1331 2517 1573 2568 Marciani
1596 2535 1789 2583 semper

52 2621 95 2653 30
116 2594 253 2645 omni
275 2595 567 2646 sanctiorem
590 2612 702 2646 arce
726 2598 971 2646 duxerunt
1006 2605 1055 2647 et
1088 2598 1186 2646 hoc
1208 2598 1406 2647 foedere
1448 2598 1613 2650 Catuli
1653 2615 1789 2648 sena-

117 2683 295 2738 tusque
334 2675 620 2726 auctoritate
661 2693 714 2726 se
758 2676 1018 2727 nobiscum
1054 2677 1480 2729 coniunctissimos
1519 2697 1624 2730 esse
1666 2681 1788 2730 arbi-

118 2756 228 2806 trati
259 2749 374 2807 sunt
387 2776 403 2821 5
444 2774 654 2822 quorum
685 2759 881 2808 moenia
906 2760 1110 2809 delubra
1134 2777 1275 2824 agros
1309 2770 1363 2811 ut
1400 2765 1645 2813 Hercules
1680 2767 1786 2827 ipse

116 2833 348 2889 itinerum'
381 2856 440 2890 ac
475 2840 698 2891 laborum
732 2857 943 2904 suorum,
970 2840 1040 2891 sic
1077 2842 1284 2892 maiores
1323 2843 1476 2893 nostri
1515 2844 1690 2907 imperi
1728 2861 1788 2894 ac

1544 2952 1673 2996 3-2
