1956 3138
143 199 168 230 2
177 183 204 230 6
625 181 723 229 PR
732 180 775 229 O
819 180 877 227 L.
935 176 1311 227 CORNELIO
1602 174 1697 242 [VI
1728 193 1748 224 1
1757 189 1784 239 5

142 290 414 340 dicionibus
448 292 742 354 populorum
780 305 947 351 regum
982 295 1250 337 exterarum
1290 285 1556 346 nationum,
1597 285 1649 334 in
1687 285 1790 335 uni-

140 387 280 419 verso
306 370 515 433 denique
539 371 653 420 belli
675 370 777 418 iure
801 378 946 431 atque
969 368 1132 431 pacis:
1169 367 1262 416 nisi
1286 369 1407 416 forte
1444 383 1503 415 ea
1537 382 1661 429 quae
1695 381 1788 416 nos

142 450 251 499 libri
283 452 464 500 docent
498 450 549 498 in
572 451 742 499 umbra
770 457 917 510 atque
954 447 1070 508 otio,
1097 463 1155 496 ea
1187 449 1277 498 Cn.
1307 445 1598 509 Pompeium
1626 461 1788 508 neque

143 546 256 578 cum
292 528 614 592 requiesceret
643 528 843 587 litterae,
868 542 1029 588 neque
1061 543 1174 574 cum
1208 542 1310 574 rem
1347 533 1533 588 gereret
1568 523 1789 587 regiones

142 609 277 672 ipsae
323 611 500 658 docere
545 616 818 672 potuerunt.
906 609 1084 669 Atque,
1131 615 1185 655 ut
1229 623 1322 668 ego
1369 604 1539 665 sentio,
1587 603 1788 663 iudices,
1836 626 1855 657 s

143 704 291 736 causa
329 688 458 737 dicta
495 696 578 736 est.
649 689 951 748 Temporum
988 685 1139 747 magis
1180 701 1271 747 ego
1307 700 1440 732 nunc
1474 682 1604 731 vitiis
1643 696 1791 745 quam

143 783 320 831 genere
342 766 492 816 iudici
518 768 657 829 plura
680 766 870 814 dicam:
912 773 984 814 est
1013 764 1145 814 enim
1172 765 1295 812 haec
1334 762 1511 812 saeculi
1551 763 1792 825 quaedam

143 851 332 897 macula
355 857 501 911 atque
524 849 672 909 labes,
697 847 858 896 virtuti
889 847 1119 908 invidere,
1144 848 1268 896 velle
1305 845 1466 908 ipsum
1489 846 1659 893 florem
1693 843 1793 906 dig-

60 929 120 977 16
146 928 308 977 nitatis
345 928 614 991 infringere.
686 927 883 976 Etenim
921 926 962 975 si
1004 929 1092 977 Cn.
1121 925 1384 988 Pompeius
1421 923 1600 973 abhinc
1637 938 1794 972 annos

145 1007 437 1071 quingentos
460 1007 643 1067 fuisset,
667 1006 706 1056 is
729 1006 812 1066 vir,
840 1024 869 1055 a
893 1023 992 1069 quo
1017 1015 1213 1055 senatus
1243 1006 1612 1055 adulescentulo
1644 1012 1791 1066 atque
1820 1029 1859 1050 10

146 1087 310 1150 equite
345 1089 574 1136 Romano
610 1103 755 1150 saepe
790 1087 1040 1136 communi
1076 1086 1218 1135 saluti
1251 1085 1482 1134 auxilium
1522 1084 1794 1148 expetisset,

145 1167 283 1216 cuius
314 1184 387 1216 res
417 1176 580 1231 gestae
612 1167 772 1216 omnis
808 1167 966 1230 gentis
1003 1183 1116 1215 cum
1151 1165 1413 1215 clarissima
1438 1164 1638 1214 victoria
1670 1172 1796 1212 terra
1828 1168 1832 1172 '

143 1248 361 1311 marique
382 1257 727 1311 peragrassent,
755 1249 890 1297 cuius
914 1258 1007 1297 tres
1031 1247 1261 1310 triumphi
1285 1255 1432 1296 testes
1455 1254 1618 1295 essent
1639 1253 1796 1294 totum

146 1330 314 1378 orbem
337 1337 567 1377 terrarum
601 1338 769 1378 nostro
793 1328 998 1391 imperio
1022 1327 1189 1387 teneri,
1216 1343 1363 1390 quem
1386 1326 1596 1389 populus
1619 1327 1798 1374 Roma-

145 1426 238 1458 nus
263 1409 491 1458 inauditis
523 1409 788 1459 honoribus
813 1409 1230 1473 singularibusque
1268 1409 1559 1466 decorasset,
1586 1404 1627 1454 si
1664 1420 1798 1454 nunc
1823 1429 1861 1459 ις

125 1490 278 1552 =apud
308 1506 399 1538 nos
422 1489 474 1538 id
498 1491 630 1553 quod
654 1491 694 1539 is
717 1490 922 1549 fecisset,
949 1498 1118 1538 contra
1139 1489 1311 1537 foedus
1335 1489 1518 1535 factum
1541 1486 1794 1544 diceretur,

148 1568 254 1633 quis
301 1570 521 1620 audiret?
606 1573 769 1619 Nemo
815 1571 1047 1633 profecto,
1134 1570 1271 1616 Mors
1317 1567 1448 1617 enim
1494 1565 1797 1616 exstinxisset

147 1651 394 1712 invidiam,
418 1668 494 1702 res
517 1651 621 1701 eius
643 1661 808 1715 gestae
832 1649 1112 1714 sempiterni
1142 1649 1352 1698 nominis
1387 1648 1540 1711 gloria
1573 1647 1794 1696 niterent.

150 1732 302 1783 Cuius
347 1732 490 1795 igitur
532 1732 697 1800 audita
740 1731 889 1781 virtus
946 1729 1238 1779 dubitationi
1286 1731 1452 1777 locum
1497 1743 1599 1776 non
1644 1728 1795 1787 daret,

149 1813 292 1862 huius
326 1813 429 1862 visa
453 1822 598 1876 atque
621 1821 874 1876 perspecta
898 1819 1276 1874 optrectatorum
1298 1825 1420 1858 voce
1443 1809 1662 1858 laedetur
1677 1810 1702 1857 Ρ
1823 1833 1864 1854 20

63 1895 124 1942 1¹7
247 1895 366 1941 VII.
438 1893 675 1943 Omittam
699 1892 842 1954 igitur
866 1890 1155 1953 Pompeium
1190 1889 1287 1937 iam
1328 1887 1546 1937 oratione
1579 1903 1691 1936 mea
1727 1902 1799 1936 re-

147 1974 292 2037 liqua,
330 1975 419 2023 sed
452 1990 553 2033 vos,
587 1972 786 2034 iudices,
824 1971 998 2020 animis
1040 1987 1098 2019 ac
1138 1969 1376 2019 memoria
1410 1976 1638 2017 tenetote.
1719 1968 1798 2016 De

149 2056 270 2117 lege,
311 2055 374 2104 de
419 2056 631 2114 foedere,
672 2055 735 2103 de
776 2052 1022 2114 exemplis,
1066 2052 1128 2100 de
1167 2059 1401 2113 perpetua
1445 2047 1799 2097 consuetudine

151 2134 354 2184 civitatis
385 2145 578 2184 nostrae
608 2135 856 2183 renovabo
888 2150 946 2182 ea
970 2148 1095 2195 quae
1128 2132 1259 2180 dicta
1296 2138 1422 2179 sunt.
1494 2129 1631 2177 Nihil
1667 2127 1799 2177 enim

150 2215 270 2263 mihi
292 2215 421 2275 novi,
446 2208 567 2262 nihil
591 2214 763 2276 integri
787 2229 945 2275 neque
973 2214 1041 2260 M.
1071 2213 1287 2270 Crassus,
1314 2209 1398 2272 qui
1420 2217 1575 2258 totam
1605 2224 1803 2256 causam
1826 2231 1865 2262 25

153 2303 202 2343 et
223 2310 310 2356 pro
333 2296 558 2343 facultate
583 2302 630 2342 et
670 2309 759 2355 pro
782 2294 879 2341 fide
910 2308 996 2340 sua
1032 2289 1394 2353 diligentissime
1421 2287 1560 2337 vobis
1599 2286 1803 2350 explica·-

151 2373 233 2434 vit,
258 2390 418 2436 neque
453 2375 542 2423 Cn.
579 2372 855 2435 Pompeius,
883 2372 1021 2419 cuius
1056 2371 1208 2419 oratio
1244 2368 1471 2418 omnibus
1507 2366 1802 2417 ornamentis

153 2454 430 2515 abundavit,
470 2455 535 2502 ad
575 2454 838 2502 dicendum
873 2450 1079 2513 reliquit.
1149 2451 1247 2499 Sed
1286 2448 1519 2511 quoniam
1555 2462 1636 2496 me
1670 2462 1805 2495 recu-

156 2544 293 2584 sante
315 2536 495 2598 placuit
519 2535 760 2584 ambobus
784 2532 1005 2582 adhiberi
1028 2533 1160 2580 hunc
1183 2547 1212 2579 a
1234 2546 1314 2579 me
1338 2529 1477 2592 quasi
1498 2525 1804 2592 perpoliendi

156 2616 402 2678 quendam
426 2615 584 2678 operis
609 2623 875 2664 extremum
899 2613 1127 2671 laborem,
1151 2619 1268 2674 peto
1292 2626 1322 2658 a
1343 2608 1482 2658 vobis
1504 2615 1558 2656 ut
1580 2622 1661 2655 me
1678 2604 1805 2654 offici
1829 2631 1870 2661 30

149 2695 312 2759 potius
336 2713 482 2759 quam
506 2695 704 2745 dicendi
728 2694 891 2744 studio
914 2695 1043 2741 hanc
1077 2689 1348 2753 suscepisse
1379 2703 1579 2751 operam
1610 2701 1670 2734 ac
1703 2700 1806 2733 mu-

73 2777 133 2824 18
159 2793 252 2826 nus
285 2777 479 2839 putetis.
549 2779 624 2824 Ac
655 2776 787 2839 prius
825 2790 970 2837 quam
1014 2770 1264 2835 aggrediar
1292 2770 1357 2818 ad
1397 2767 1472 2816 ius
1512 2780 1806 2827 causamque

159 2855 369 2915 Corneli,
396 2854 632 2918 quiddam
659 2855 722 2904 de
746 2850 996 2902 communi
1019 2848 1311 2900 condicione
1335 2844 1556 2915 omnium
1585 2851 1803 2892 nostrum
