1956 3138
152 124 387 180 xxvm
414 125 442 172 6
448 120 499 190 5]
684 124 939 174 BALBO
993 125 1135 173 ΘΚΑ
1146 125 1281 174 TJO.
1754 141 1816 191 45

151 239 227 282 tas
262 231 423 280 valere
469 231 684 280 debeat?
752 230 998 294 Cognovit
1032 233 1352 280 adulescens:
1399 231 1584 294 placuit
1629 233 1818 282 homini

149 309 554 376 prudentissimo:
595 309 647 358 in
683 326 876 359 summa
898 311 1167 359 amicorum
1192 311 1337 374 copia
1361 328 1475 360 cum
1512 312 1819 361 familiarissi-

150 389 244 439 mis
268 389 372 440 eius
398 399 470 439 est
493 391 807 452 adaequatus.
881 392 942 438 In
974 400 1214 454 praetura,
1239 391 1291 440 in
1323 393 1577 440 consulatu
1609 394 1819 455 praefec-

149 478 256 520 tum
287 470 478 519 fabrum
508 471 709 519 detulit:
744 469 1006 518 consilium
1041 470 1254 518 hominis
1289 470 1531 533 probavit,
1558 472 1708 520 fidem
1744 482 1818 521 est

105 575 124 607 5
149 547 450 614 complexus,
488 550 649 600 officia
681 550 1143 613 observantiamque
1180 551 1361 600 dilexit.
1435 552 1548 600 Fuit
1582 552 1664 600 hic
1698 554 1818 600 mul-

148 640 311 680 torum
334 631 404 680 illi
435 632 658 680 laborum
684 630 845 679 socius
875 631 1173 694 aliquando:
1210 641 1283 680 est
1318 633 1520 681 fortasse
1551 649 1682 682 nunc
1715 650 1817 683 non

148 713 394 760 nullorum
438 711 680 775 particeps
728 714 1118 760 commodorum.
1193 714 1334 774 Quae
1381 713 1582 776 quidem
1624 715 1663 763 si
1703 715 1817 763 huic

148 791 376 840 offuerint
399 792 532 855 apud
556 808 658 852 vos,
686 808 788 841 non
817 792 1046 855 intellego
1086 794 1222 855 quod
1263 796 1451 842 bonum
1487 794 1718 857 cuiquam
1757 795 1818 844 sit

146 873 283 936 apud
307 872 415 922 talis
437 873 566 922 viros
590 874 907 936 profuturum.
981 874 1077 922 Sed
1110 874 1342 936 quoniam
1374 876 1429 925 C.
1460 876 1642 925 Caesar
1677 878 1818 925 abest
1842 876 1901 925 64

45 956 47 958 ’
81 981 122 1003 ιο
143 955 426 1019 longissime
448 964 596 1018 atque
627 953 679 1002 in
712 954 781 1003 eis
815 964 886 1003 est
925 972 1058 1003 nunc
1100 955 1235 1016 locis,
1264 972 1391 1018 quae
1419 956 1617 1018 regione
1646 958 1817 1006 orbem

145 1044 395 1096 terrarum,
420 1036 565 1083 rebus
589 1033 717 1082 illius
749 1035 899 1097 gestis
934 1034 1193 1098 imperium
1235 1036 1405 1098 populi
1446 1037 1664 1085 Romani
1703 1038 1818 1086 defi-

126 1115 300 1177 niunt,
334 1115 503 1175 nolite,
547 1131 635 1178 per
672 1115 793 1163 deos
829 1115 1134 1176 immortalis,
1178 1116 1379 1176 iudices,
1417 1117 1551 1165 hunc
1587 1117 1656 1166 illi
1688 1134 1818 1167 acer-

143 1198 265 1246 bum
312 1195 540 1245 nuntium
586 1196 711 1244 velle
750 1195 960 1258 perferri,
994 1205 1048 1244 ut
1086 1212 1230 1244 suum
1267 1199 1570 1260 praefectum
1607 1199 1813 1259 fabrum,

143 1279 200 1326 ut’
219 1276 474 1326 hominem
499 1268 591 1324 sibi
616 1275 918 1324 carissimum
943 1286 992 1325 et
1015 1276 1443 1326 familiarissimum
1462 1295 1564 1328 non
1584 1280 1649 1328 ob
1665 1279 1816 1343 ipsius

79 1383 118 1414 15
141 1357 342 1422 aliquod
367 1357 616 1417 delictum,
645 1357 733 1405 sed
758 1357 822 1406 ob
848 1373 985 1405 suam
1019 1358 1395 1407 familiaritatem
1419 1360 1589 1408 vestris
1621 1376 1817 1423 oppres-

143 1453 254 1486 sum
289 1436 543 1486 sententiis
578 1436 758 1484 audiat.
831 1437 1135 1486 Miseremini
1183 1438 1299 1499 eius,
1338 1439 1423 1502 qui
1470 1456 1571 1488 non
1619 1442 1681 1489 de
1724 1458 1813 1490 suo

83 1585 86 1587 -
141 1527 361 1582 peccat0,
390 1519 478 1567 sed
497 1520 559 1567 de
584 1518 727 1567 huius
754 1519 933 1567 summi
959 1528 1006 1568 et
1031 1520 1283 1569 clarissimi
1307 1521 1395 1569 viri
1433 1523 1577 1582 sacto,
1605 1539 1707 1571 non
1749 1525 1812 1572 de

141 1599 307 1663 aliquo
331 1599 548 1660 crimine,
575 1601 662 1649 sed
695 1600 912 1663 periculo
946 1617 1036 1650 suo
1069 1603 1130 1650 de
1171 1602 1372 1664 publico
1410 1603 1512 1652 iure
1549 1604 1811 1667 disceptat3

141 1682 278 1744 quod
305 1679 381 1730 ius
422 1680 463 1730 si
505 1682 596 1731 Cn.
640 1682 905 1745 Pompeius
943 1682 1198 1746 ignoravit,
1234 1684 1273 1732 si
1314 1687 1383 1733 M.
1425 1687 1642 1745 CrassuS,
1671 1686 1711 1734 si
1749 1687 1810 1747 Q.

72 1788 115 1811 20
140 1762 386 1823 Metellus,
412 1762 453 1811 si
478 1763 568 1812 Cn,
598 1763 862 1826 Pompeius
886 1773 1037 1826 pater,
1066 1765 1106 1813 si
1133 1767 1185 1813 L.
1214 1767 1357 1826 Sulla,
1386 1765 1426 1815 si
1450 1769 1503 1815 P.
1528 1768 1745 1827 Crassus,
1775 1767 1813 1814 si

34 1844 36 1847 ’
141 1844 196 1893 C.
227 1842 428 1903 Marius,
472 1842 513 1891 si
554 1851 764 1903 senatus,
809 1843 849 1891 si
889 1845 1100 1907 populus
1134 1847 1406 1906 Romanus,
1442 1845 1497 1907 si,
1535 1847 1620 1909 qui
1662 1848 1724 1896 de
1761 1864 1812 1896 re

139 1922 284 1972 simili
319 1922 606 1983 iudicarunt,
633 1922 674 1971 si
709 1924 946 1972 foederati
977 1925 1162 1988 populi,
1190 1925 1230 1974 si
1268 1926 1402 1987 socii,
1430 1927 1471 1976 si
1510 1927 1580 1975 illi
1622 1927 1812 1990 antiqui

138 2002 316 2064 Latini,
339 2002 505 2053 videte
529 2019 591 2052 ne
625 2003 790 2053 utilius
814 2005 954 2053 vobis
996 2016 1045 2054 et
1083 2007 1336 2056 honestius
1375 2008 1436 2057 sit
1474 2008 1566 2057 illis
1603 2009 1811 2057 ducibus

138 2100 295 2134 errare
329 2100 479 2148 quam
524 2080 622 2134 hoc
667 2085 898 2148 magistro
945 2087 1135 2135 erudiri.
1209 2089 1306 2137 Sed
1353 2088 1393 2137 si
1440 2090 1503 2137 de
1550 2099 1698 2150 certo,
1749 2091 1813 2138 de

71 2190 112 2220 25
134 2164 409 2228 perspicuo,
435 2165 498 2214 de
534 2164 654 2225 utili,
681 2166 747 2214 de
781 2166 1006 2228 probato,
1034 2168 1096 2216 de
1132 2167 1349 2217 iudicato
1384 2170 1526 2217 vobis
1565 2168 1666 2217 iure
1706 2185 1813 2218 esse

138 2244 536 2294 constituendum
576 2245 764 2306 videtis,
809 2246 960 2295 nolite
999 2248 1306 2296 committere
1342 2257 1396 2297 ut
1433 2249 1484 2296 in
1515 2265 1566 2297 re
1603 2258 1706 2298 tam
1742 2250 1813 2298 in-

137 2334 354 2374 veterata
398 2325 664 2389 quicquam
713 2326 830 2375 novi
877 2327 1108 2377 sentiatis,
1183 2330 1339 2378 Simul
1377 2339 1425 2378 et
1465 2329 1560 2390 illa,
1601 2330 1804 2391 iudiceS,
1836 2332 1897 2379 65

137 2406 304 2456 omnia
337 2421 453 2456 ante
487 2409 658 2456 oculos
692 2393 878 2457 vestros
914 2410 1197 2472 proponite:
1250 2411 1462 2474 primum
1505 2428 1612 2461 esse
1649 2413 1810 2462 omnis

135 2487 285 2537 etiam
307 2496 420 2551 post
443 2498 650 2537 mortem
674 2505 782 2538 reos
807 2491 1099 2540 clarissimos
1128 2492 1237 2540 illos
1260 2492 1402 2554 viros,
1425 2493 1511 2556 qui
1534 2494 1811 2543 foederatos

69 2596 112 2627 30
133 2569 328 2619 civitate
353 2570 620 2620 donarunt:
658 2571 840 2620 deinde
865 2582 1104 2634 senatum,
1133 2574 1216 2636 qui
1242 2590 1388 2637 saepe
1421 2576 1519 2624 hoc
1547 2575 1808 2627 iudicavit:

134 2650 389 2713 populum,
417 2649 500 2712 qui
523 2650 683 2701 iussit:
721 2651 922 2713 iudices,
950 2653 1035 2716 qui
1067 2655 1416 2717 approbarunt.
1488 2657 1622 2704 Tum
1662 2656 1810 2705 etiam

134 2731 256 2780 illud
302 2730 528 2794 cogitate,
572 2731 643 2781 sic
688 2732 850 2782 vivere
900 2750 959 2782 ac
1004 2734 1182 2785 vixisse
1232 2737 1535 2798 Cornelium,
1577 2747 1644 2798 ut,
1695 2755 1809 2787 cum

134 2810 358 2862 omnium
380 2821 694 2877 peccatorum
730 2815 1042 2878 quaestiones
1082 2816 1192 2879 sint,
1220 2834 1321 2868 non
1359 2819 1422 2868 de
1446 2818 1675 2870 vitiorum
1701 2835 1808 2869 suo-
