1956 3138
156 155 218 200 30
636 139 785 187 PRO
827 139 884 186 L.
942 138 1319 188 CORNELIO
1647 135 1716 205 [X
1740 139 1802 188 26

63 244 124 291 26
150 242 339 306 privari.
407 242 560 306 Atqui
600 243 719 291 nihil
755 244 967 303 interest,
992 244 1191 304 iudiceS,
1217 253 1375 292 utrum
1411 244 1534 293 haec
1568 243 1804 294 foederati

150 322 252 369 iura
275 322 587 382 constituant,
612 331 666 371 ut
689 339 752 372 ne
775 323 855 371 cui
877 324 1021 372 liceat
1045 340 1105 372 ex
1127 323 1196 372 eis
1231 323 1508 371 civitatibus
1531 323 1595 372 ad
1617 332 1802 377 nostro,-

149 419 255 451 rum
285 404 522 451 bellorum
545 403 760 465 pericula
783 404 1031 461 accedere,
1057 419 1134 462 an,
1162 419 1287 465 quae
1313 418 1404 451 nos
1429 418 1597 451 eorum
1615 402 1802 452 civibus

149 482 335 531 virtutis
380 499 524 531 causa
562 482 885 544 tribuerimus,
925 500 982 532 ea
1017 493 1121 532 rata
1149 499 1254 532 esse
1289 499 1391 532 non
1428 483 1644 546 possint:
1679 483 1801 532 nihil

149 561 278 610 enim
303 561 456 624 magis
488 570 730 610 uteremur
766 563 840 611 his
880 563 1181 612 adiutoribus
1219 563 1420 612 sublatis
1443 562 1631 612 virtutis
1665 579 1800 626 prae·
1846 587 1864 618 5

149 639 271 698 miis‚
299 657 446 703 quam
471 640 510 688 si
535 640 736 688 omnino
761 640 829 689 eis
853 641 1027 689 versari
1051 641 1101 689 in
1124 641 1298 690 nostris
1322 640 1460 690 bellis
1483 657 1585 689 non
1618 639 1796 709 liceret.

150 721 343 768 Etenim
389 738 502 769 cum
538 731 637 783 pro
683 738 770 769 sua
820 721 974 783 patria
1018 722 1163 783 pauci
1207 731 1319 784 post
1352 738 1506 784 genus
1545 719 1797 769 hominum

146 809 315 847 natum
338 801 512 862 reperti
537 801 631 848 sint
655 800 740 862 qui
763 801 906 849 nullis
936 801 1161 863 praemiis
1194 801 1454 864 propositis
1475 801 1626 850 vitam
1661 815 1799 849 suam

146 879 359 928 hostium
396 881 503 929 telis
541 881 820 942 obiecerint,
860 898 948 944 pro
985 881 1144 930 aliena
1182 898 1232 930 re
1269 883 1466 944 publica
1502 895 1799 943 quemquam

147 959 247 1006 fore
270 958 450 1020 putatis
475 959 558 1021 qui
582 975 633 1007 se
659 968 877 1021 opponat
900 959 1124 1022 periculis
1147 976 1249 1008 non
1272 961 1423 1008 modo
1457 961 1592 1008 nullo
1626 975 1800 1023 propo·
1825 985 1864 1007 10

146 1037 239 1085 sito
263 1038 492 1099 praemio,
521 1041 608 1087 sed
633 1039 778 1087 etiam
802 1039 1097 1088 interdicto?

58 1117 119 1164 27
244 1119 334 1165 XI.
405 1120 502 1167 Sed
526 1136 637 1167 cum
664 1129 735 1168 est
759 1120 879 1168 illud
903 1119 1257 1182 imperitissime
1286 1119 1472 1169 dictum
1499 1121 1563 1170 de
1602 1119 1797 1183 populis

143 1197 320 1257 fundis,
347 1199 483 1260 quod
518 1215 779 1248 commune
813 1200 1072 1247 liberorum
1109 1208 1181 1248 est
1219 1201 1528 1262 populorum,
1550 1215 1653 1247 non
1687 1215 1797 1262 pro-

142 1277 301 1338 prium
335 1278 708 1338 foederatorum,
749 1296 809 1327 ex
849 1296 948 1341 quo
983 1278 1198 1342 intellegi
1233 1295 1433 1327 necesse
1480 1287 1554 1327 est
1587 1286 1671 1327 aut
1714 1294 1795 1327 ne-

142 1357 326 1405 minem
351 1374 412 1406 ex
435 1359 577 1407 sociis
603 1359 758 1407 civem
783 1361 885 1408 fieri
917 1377 1062 1422 posse
1087 1369 1170 1408 aut
1206 1359 1353 1408 etiam
1385 1376 1529 1422 posse
1552 1375 1613 1408 ex
1634 1360 1797 1408 foede·
1822 1385 1860 1414 ις

141 1436 268 1495 ratis,
310 1446 414 1485 tum
451 1454 566 1486 vero
607 1438 680 1486 ius
722 1455 868 1487 omne
914 1449 1079 1487 noster
1123 1439 1213 1488 iste
1258 1439 1485 1502 magister
1530 1440 1794 1488 mutandae

141 1516 346 1565 civitatis
391 1517 592 1580 ignorat,
631 1521 766 1582 quod
813 1529 896 1579 est,
933 1519 1133 1580 iudices,
1170 1536 1270 1568 non
1307 1522 1466 1568 solum
1510 1518 1562 1567 in
1607 1519 1793 1582 legibus

139 1600 346 1662 publicis
370 1600 599 1662 positum,
626 1602 713 1649 sed
749 1601 897 1650 etiam
928 1601 979 1649 in
1014 1602 1309 1664 privatorum
1342 1603 1606 1664 voluntate.
1678 1602 1792 1650 Iure

140 1679 271 1727 enim
306 1689 471 1728 nostro
506 1697 668 1742 neque
702 1680 877 1729 mutari
911 1681 1106 1729 civitate
1138 1681 1396 1743 quisquam
1427 1681 1606 1730 invitus
1629 1689 1792 1744 potest

138 1775 315 1821 neque,
355 1759 395 1808 si
431 1760 560 1819 velit,
600 1761 774 1809 mutari
811 1778 912 1810 non
943 1770 1118 1824 potest,
1146 1764 1296 1811 modo
1336 1762 1597 1810 asciscatur
1631 1763 1694 1811 ab
1735 1778 1795 1811 ea
1816 1787 1858 1809 20

137 1840 342 1900 civitate,
370 1841 506 1889 cuius
531 1858 635 1890 esse
661 1859 711 1890 se
735 1842 942 1891 civitatis
966 1843 1110 1891 velit:
1152 1852 1218 1901 ut,
1246 1842 1285 1890 si
1311 1841 1543 1891 Gaditani
1566 1840 1791 1896 sciverint
1835 1867 1841 1872 -

134 1920 424 1968 nominatim
449 1922 511 1970 de
534 1922 698 1984 aliquo
723 1922 828 1971 cive
853 1925 1098 1982 Romano,
1123 1931 1177 1971 ut
1202 1923 1262 1972 sit
1285 1923 1325 1971 is
1349 1923 1466 1972 civis
1501 1923 1787 1985 Gaditanus,

133 2014 311 2061 magna
333 2009 549 2062 potestas
573 2002 634 2050 sit
657 2012 823 2051 nostro
847 2002 941 2051 civi
965 2005 1229 2052 mutandae
1248 2003 1453 2052 civitatis
1475 2019 1569 2051 nec
1591 2004 1788 2053 foedere

133 2079 423 2142 impediatur
473 2098 571 2144 quo
618 2082 777 2131 minus
824 2100 885 2132 ex
931 2083 1036 2132 cive
1082 2086 1312 2132 Romano
1358 2083 1475 2132 civis
1516 2083 1788 2132 Gaditanus

44 2157 107 2203 28
132 2157 286 2219 possit
310 2175 429 2207 esse.
502 2162 724 2208 Duarum
761 2161 1012 2210 civitatum
1047 2161 1163 2211 civis
1200 2170 1366 2211 noster
1401 2178 1507 2210 esse
1535 2161 1637 2210 iure
1660 2161 1789 2210 civili
1811 2187 1851 2218 25

130 2253 277 2286 nemo
316 2247 502 2300 potest:
548 2256 645 2288 non
690 2257 795 2289 esse
833 2241 974 2290 huius
1015 2241 1232 2302 civitatis,
1261 2242 1344 2304 qui
1385 2258 1436 2290 se
1481 2241 1563 2289 alii
1602 2241 1786 2290 civitati

131 2318 311 2378 dicarit,
349 2330 540 2381 potest:
578 2338 738 2384 neque
777 2324 934 2371 solum
971 2323 1227 2382 dicatione,
1254 2323 1387 2385 quod
1421 2322 1472 2390 in
1507 2321 1782 2372 calamitate

129 2398 401 2447 clarissimis
436 2400 547 2448 viris
583 2403 644 2462 Q.
675 2402 896 2450 Maximo
935 2404 990 2451 C.
1024 2402 1226 2450 Laenati
1260 2403 1319 2463 Q.
1357 2401 1584 2464 Philippo
1619 2403 1781 2450 Nuce-

125 2479 236 2538 riae,
265 2481 319 2528 C.
349 2481 526 2528 Catoni
558 2483 846 2542 Tarracone,
875 2483 934 2543 Q.
965 2482 1203 2544 Caepioni
1238 2484 1291 2531 P.
1319 2482 1505 2530 Rutilio
1542 2483 1781 2545 Zmyrnae

124 2559 345 2607 videmus
379 2561 627 2623 accidisse,
665 2571 720 2611 ut
766 2579 930 2611 earum
977 2562 1226 2611 civitatum
1271 2565 1441 2611 fierent
1486 2562 1628 2622 cives,
1666 2578 1778 2610 cum
1803 2588 1845 2618 30

122 2639 249 2686 hanc
271 2648 384 2688 ante
407 2641 625 2690 amittere
649 2659 750 2691 non
774 2643 1047 2705 potuissent
1071 2660 1218 2705 quam
1241 2644 1337 2691 hoc
1375 2644 1533 2692 solum
1569 2641 1776 2692 civitatis

122 2719 390 2768 mutatione
424 2721 692 2780 vertissent,
727 2723 813 2771 sed
849 2724 991 2771 etiam
1027 2723 1326 2785 postliminio
1367 2731 1530 2786 potest
1569 2721 1775 2770 civitatis

121 2797 222 2846 fieri
265 2800 482 2850 mutatio.
557 2804 734 2865 Neque
781 2803 910 2852 enim
958 2804 1061 2853 sine
1108 2820 1252 2852 causa
1299 2805 1362 2853 de
1410 2805 1500 2854 Cn.
1551 2801 1771 2851 Publicio
