1956 3138
176 207 238 249 40
661 190 810 239 PRO
855 190 909 238 L.
970 189 1346 239 CORNELIO
1567 187 1742 256 [XXII
1767 203 1827 253 51

91 298 149 345 51
177 296 381 346 nimium
410 313 584 360 parcus
612 295 663 345 in
694 296 942 359 largienda
979 295 1212 346 civitate?
1281 296 1381 345 Hic
1412 303 1464 344 tu
1511 298 1602 346 Cn.
1629 295 1834 360 Pompei

179 377 477 427 beneficium
501 378 578 424 vel
601 376 762 439 potius
786 376 1021 424 iudicium
1056 385 1105 425 et
1136 378 1318 425 factum
1353 376 1593 426 infirmare
1626 376 1832 438 conaris,

179 456 264 519 qui
294 456 408 505 fecit
448 457 584 518 quod
626 457 680 503 C.
724 454 937 502 Marium
977 455 1149 503 fecisse
1191 455 1422 514 audierat,
1448 453 1563 503 fecit
1602 456 1736 518 quod
1777 457 1830 504 P.

180 538 422 592 Crassum,
448 537 583 598 quod
608 537 662 582 L.
691 536 885 594 Sullam,
914 537 1049 597 quod
1075 536 1134 596 Q.
1164 536 1433 595 Metellum,
1458 535 1594 598 quod
1624 535 1834 599 denique

179 614 503 663 domesticum
527 622 788 671 auctorem,
813 623 1001 676 patrem
1020 630 1174 674 suum,
1191 616 1351 663 facere
1373 614 1594 663 viderat?
1659 616 1834 678 Neque
1857 645 1860 648 -
1881 640 1900 670 5

178 711 295 743 vero
328 695 380 744 id
411 694 461 742 in
485 710 584 742 uno
621 694 851 743 Cornelio
875 695 988 743 fecit
1003 712 1017 754 3
1053 711 1168 742 nam
1200 704 1248 743 et
1284 694 1582 743 Gaditanum
1618 695 1836 761 Hasdru-

178 777 339 824 balem
365 792 424 824 ex
447 776 577 823 bello
607 774 692 823 illo
715 775 946 823 Africano
981 784 1030 824 et
1066 774 1388 823 Mamertinos
1425 774 1577 824 Ovios
1612 783 1662 824 et
1696 791 1836 838 quos-

183 856 297 904 dam
313 854 565 904 Uticensis
584 863 632 903 et
648 854 940 916 Saguntinos
960 855 1137 904 Fabios
1154 855 1347 904 civitate
1367 855 1580 904 donavit.
1596 871 1600 875 ·
1637 855 1834 904 Etenim

179 951 291 982 cum
332 934 502 982 ceteris
526 934 750 996 praemiis
785 934 921 996 digni
952 943 1065 983 sunt
1100 934 1183 997 qui
1215 951 1304 984 suo
1335 937 1501 984 labore
1537 943 1586 984 et
1618 935 1834 998 periculo

178 1024 394 1062 nostram
417 1031 519 1063 rem
542 1014 788 1077 publicam
812 1016 1097 1075 defendunt,
1124 1024 1229 1063 tum
1253 1024 1382 1064 certe
1414 1015 1684 1078 dignissimi
1720 1019 1834 1065 sunt
1859 1044 1900 1065 ιο

179 1094 263 1156 qui
287 1094 481 1143 civitate
505 1111 564 1143 ea
588 1096 845 1155 donentur,
874 1112 963 1158 pro
988 1112 1084 1158 qua
1107 1097 1320 1159 pericula
1342 1114 1400 1145 ac
1434 1099 1531 1146 tela
1567 1097 1828 1147 subierunt.

177 1176 342 1236 Atque
366 1174 566 1234 utinam,
593 1174 676 1237 qui
699 1175 882 1237 ubique
906 1185 1018 1224 sunt
1048 1186 1433 1239 propugnatores
1463 1177 1606 1226 huius
1646 1177 1831 1241 imperi,

177 1263 379 1316 possent
401 1254 453 1303 in
475 1256 603 1303 hanc
626 1255 871 1304 civitatem
894 1256 1058 1305 venire
1089 1266 1137 1305 et
1174 1266 1342 1306 contra
1374 1267 1732 1320 oppugnatores
1764 1258 1834 1307 rei

178 1334 403 1396 publicae
427 1336 490 1383 de
515 1335 707 1384 civitate
740 1336 1078 1386 exterminari!
1149 1339 1325 1399 Neque
1358 1337 1488 1385 enim
1511 1337 1591 1386 ille
1619 1354 1853 1387 summus.

178 1424 324 1476 poeta
356 1423 523 1462 noster
563 1414 859 1463 Hannibalis
900 1415 1032 1463 illam
1071 1415 1224 1478 magis
1262 1415 1647 1470 cohortationem
1689 1433 1836 1480 quam
1861 1443 1898 1472 15

179 1512 491 1544 communem
511 1495 869 1558 imperatoriam
886 1497 1039 1545 voluit
1059 1513 1185 1546 esse:
1212 1500 1425 1546 Hostem
1446 1489 1528 1560 qui
1550 1498 1702 1558 feriet,
1728 1498 1830 1559 erit,

177 1577 348 1639 inquit,
373 1577 493 1624 mihi
519 1577 952 1639 Karthaginiensis,
971 1578 1188 1640 quisquis
1213 1578 1313 1626 erit.
1367 1578 1518 1628 Cuius
1544 1578 1749 1628 civitatis
1773 1579 1834 1628 sit

178 1662 229 1711 id
257 1664 439 1711 habent
472 1663 619 1711 hodie
643 1665 749 1711 leve
774 1672 822 1712 et
846 1680 1036 1726 semper
1058 1665 1343 1713 habuerunt.
1416 1665 1591 1726 Itaque
1631 1673 1685 1713 et
1716 1664 1833 1714 civis

178 1744 396 1807 undique
419 1744 554 1793 fortis
577 1744 705 1793 viros
729 1744 1002 1793 asciverunt
1027 1754 1074 1793 et
1106 1745 1359 1793 hominurn
1383 1744 1670 1808 ignobilium
1692 1745 1835 1794 virtu-

179 1834 276 1874 tem
301 1841 533 1888 persaepe
556 1825 824 1874 nobilitatis
849 1825 1048 1873 inertiae
1071 1827 1414 1888 praetulerunt.

92 1904 152 1951 52
277 1905 476 1951 XXIII.
551 1903 764 1952 Habetis
795 1902 1141 1965 imperatorum
1167 1920 1469 1952 summorum
1510 1912 1560 1953 et
1588 1904 1834 1967 sapientis-

179 1982 414 2031 simorum
442 1982 711 2043 hominum,
739 1982 1111 2030 clarissimorum
1135 1982 1359 2043 virorum,
1386 1983 1832 2046 interpretationem

180 2061 295 2109 iuris
318 2077 377 2108 ac
399 2062 649 2109 foederum
671 2081 680 2110 :
719 2062 849 2109 dabo
888 2061 1033 2109 etiam
1058 2061 1290 2122 iudicum,
1317 2062 1399 2125 qui
1423 2062 1537 2111 huic
1561 2063 1834 2126 quaestioni

178 2143 500 2204 praefuerunt,
543 2143 672 2190 dabo
709 2141 919 2189 universi
958 2141 1128 2204 populi
1165 2142 1393 2203 Romani,
1433 2145 1561 2192 dabo
1598 2144 1838 2194 sanctissi-

178 2238 315 2269 mum
337 2230 385 2269 et
405 2221 812 2283 sapientissimum
832 2221 1064 2269 iudicium
1084 2220 1231 2270 etiam
1249 2231 1457 2272 senatus.
1513 2223 1708 2273 Iudices
1723 2241 1836 2273 cum
1859 2252 1899 2282 25

178 2318 295 2364 prae
319 2317 370 2349 se
395 2302 572 2350 ferrent
594 2303 856 2363 palamque
889 2302 1203 2364 loquerentur
1225 2301 1345 2364 quid
1369 2312 1529 2352 essent
1551 2305 1658 2367 lege
1682 2305 1835 2368 Papia

179 2385 243 2432 de
282 2385 350 2432 M.
381 2383 552 2432 Cassio
592 2383 897 2432 Mamertinis
937 2384 1267 2446 repetentibus
1314 2384 1584 2446 iudicaturi,
1627 2389 1835 2436 Mamer-

180 2463 268 2512 tini
291 2463 486 2525 publice
511 2472 736 2525 suscepta
759 2479 907 2510 causa
931 2463 1230 2512 destiterunt.
1304 2464 1475 2513 Multis
1503 2464 1554 2512 in
1588 2465 1833 2515 civitatem

178 2542 385 2605 receptis
416 2559 476 2590 ex
509 2542 670 2591 liberis
693 2541 1273 2604 foederatisque'populis
1310 2559 1457 2592 nemo
1493 2561 1726 2607 umquam
1762 2554 1834 2595 est

180 2625 242 2673 de
267 2623 461 2671 civitate
492 2632 760 2682 accusatus,
787 2623 924 2685 quod
961 2632 1044 2671 aut
1081 2625 1293 2685 populus
1329 2624 1508 2672 fundus
1546 2626 1700 2674 sactus
1736 2641 1836 2675 non
1859 2653 1899 2683 30

179 2713 307 2754 esset
328 2712 412 2752 aut
446 2705 581 2766 quod
611 2705 808 2752 foedere
845 2702 1051 2751 civitatis
1091 2704 1356 2752 mutandae
1392 2703 1465 2752 ius
1505 2703 1829 2767 impediretur.

94 2786 153 2833 53
179 2786 388 2833 Audebo
435 2783 581 2832 etiam
627 2784 724 2831 hoc
769 2783 1081 2843 contendere,
1129 2799 1398 2845 numquam
1454 2799 1560 2832 esse
1604 2785 1834 2832 condem-

178 2873 346 2913 natum
384 2879 531 2927 quem
571 2871 814 2912 constaret
855 2863 915 2911 ab
953 2862 1244 2925 imperatore
1276 2871 1443 2911 nostro
1468 2862 1660 2913 civitate
1684 2864 1834 2913 dona·
