1956 3138
146 165 324 216 xx1v
347 161 433 232 55]
680 164 934 216 BALBO
985 166 1128 214 ORA
1140 165 1274 216 ΠΟ.
1750 185 1810 229 41

145 283 262 325 tum.
313 273 614 349 Cognoscite
633 290 767 323 nunc
789 275 960 338 populi
986 275 1202 324 Romani
1225 275 1460 325 iudicium
1485 277 1647 326 multis
1671 279 1815 327 rebus

143 355 484 420 interpositum
530 365 680 420 atque
725 356 778 405 in
818 356 1042 406 maximis
1085 358 1243 407 causis
1281 374 1332 408 re
1378 358 1486 421 ipsa
1532 367 1680 422 atque
1724 376 1815 408 usu

143 438 536 500 comprobatum.
605 439 734 488 Cum
759 436 946 486 Latinis
972 437 1201 486 omnibus
1225 439 1399 487 foedus
1423 455 1531 488 esse
1554 438 1706 487 ictum
1731 442 1810 503 Sp.

143 516 318 567 Cassio
365 519 602 567 Postumo
643 516 876 568 Cominio
922 518 1204 567 consulibus
1252 518 1361 581 quis
1408 518 1633 582 ignorat?
1679 521 1815 583 quod

99 621 119 652 5
143 596 345 660 quidem
380 613 537 660 nuper
574 597 627 646 in
667 598 897 646 columna
942 599 1130 647 ahenea
1170 599 1483 648 meminimus
1514 609 1627 663 post
1661 610 1816 650 rostra

142 676 353 743 incisum
392 686 440 727 et
482 677 804 741 perscriptum
844 678 1004 727 fuisse.
1079 680 1193 740 Quo
1235 681 1387 728 modo
1429 679 1572 743 igitur
1604 682 1659 729 L.
1697 682 1816 730 Cos-

144 757 296 807 sinius
337 757 531 818 Tiburs,
579 766 719 821 pater
755 756 898 806 huius
947 757 1143 820 equitis·
1171 759 1403 819 Romani,
1453 759 1628 823 optimi
1666 769 1814 824 atque

142 837 436 887 ornatissimi
474 837 577 896 viri,
616 838 851 887 damnato
888 841 945 886 T.
981 839 1169 900 Coelio,
1198 856 1298 903 quo
1336 842 1488 890 modo
1530 857 1591 890 ex
1638 843 1814 891 eadem

140 918 336 968 civitate
361 921 418 968 T.
451 918 720 982 Coponius,
749 918 867 968 civis
903 919 1020 968 item
1056 936 1247 968 summa
1280 920 1456 969 virtute
1493 930 1542 969 et
1577 921 1813 984 dignitate

75 1025 116 1048 ιο
136 1008 410 1062 —nepotes
451 1002 510 1047 T.
549 1008 598 1048 et
635 1000 691 1049 C.
733 998 987 1062 Coponios
1021 999 1480 1049 nostis—damnato
1518 1002 1573 1050 C.
1603 1003 1813 1050 Masone

140 1079 258 1129 civis
283 1082 542 1129 Romanus
574 1088 649 1128 est
684 1081 877 1128 factus?
943 1082 1026 1127 An
1063 1079 1229 1142 lingua
1267 1089 1316 1129 et
1355 1080 1554 1144 ingenio
1595 1082 1813 1144 patefieri
1839 1082 1898 1131 54

139 1160 301 1210 aditus
319 1161 382 1210 ad
401 1160 647 1210 civitatem
670 1160 842 1223 potuit,
861 1176 1010 1207 manu
1035 1169 1084 1208 et
1106 1160 1283 1208 virtute
1307 1177 1409 1209 non
1432 1161 1630 1224 potuit?
1665 1164 1813 1212 Anne

140 1242 204 1291 de
241 1241 386 1291 nobis
417 1242 607 1290 trahere
644 1240 801 1304 spolia
835 1240 1095 1289 foederatis
1133 1241 1325 1301 licebat,
1354 1243 1416 1290 de
1455 1242 1677 1292 hostibus
1708 1260 1812 1292 non

136 1322 355 1373 licebat?
400 1325 481 1372 An
501 1324 636 1387 quod
660 1322 865 1386 adipisci
880 1332 1106 1386 poterant
1123 1323 1351 1384 dicendo,
1372 1323 1423 1372 id
1449 1324 1518 1373 eis
1542 1327 1811 1388 pugnando

73 1428 112 1459 15
135 1403 344 1467 adsequi
379 1420 482 1452 non
509 1404 727 1454 licebat?
774 1407 855 1452 An
892 1404 1165 1453 accusatori
1194 1405 1404 1454 maiores
1439 1406 1593 1455 nostri
1625 1407 1812 1455 maiora

135 1483 354 1547 praemia
377 1500 524 1547 quam
559 1484 783 1533 bellatori
821 1501 927 1533 esse
968 1486 1264 1535 voluerunt?
1332 1487 1522 1536 XXIV.
1596 1487 1747 1548 Quod
1770 1487 1811 1536 si

137 1564 452 1614 acerbissima
473 1566 580 1628 lege
605 1565 803 1615 Servilia
826 1565 1071 1628 principes
1095 1566 1185 1614 viri
1208 1575 1358 1629 atque
1382 1566 1655 1629 gravissimi
1679 1567 1809 1617 cives

134 1648 265 1696 hanc
310 1646 513 1708 LatiniS,
556 1647 609 1696 id
647 1656 720 1696 est
756 1648 1031 1708 foederatiS,
1075 1647 1204 1696 viam
1246 1649 1310 1696 ad
1347 1648 1595 1697 civitatem
1635 1649 1808 1712 populi

135 1726 267 1776 iussu
307 1735 474 1790 patere
519 1726 650 1790 passi
696 1737 823 1788 sunt,
866 1744 1029 1790 neque
1074 1727 1149 1776 ius
1196 1736 1269 1776 est
1315 1729 1412 1777 hoc
1458 1730 1808 1791 reprehensum

68 1831 111 1854 20
133 1804 323 1855 Licinia
346 1814 396 1855 et
428 1805 599 1854 Mucia
620 1807 743 1869 lege,
771 1823 884 1855 cum
908 1806 1193 1870 praesertim
1227 1825 1381 1871 genus
1416 1808 1579 1871 ipsum
1613 1827 1809 1858 accusa-

133 1885 281 1936 tionis
305 1894 355 1935 et
376 1902 562 1935 nomen
586 1895 636 1936 et
661 1887 764 1936 eius
789 1887 927 1936 modi
951 1888 1238 1950 praemium,
1265 1891 1401 1951 quod
1425 1906 1575 1939 nemo
1599 1891 1804 1953 adsequi

132 1975 300 2030 posset
321 1966 415 2016 nisi
438 1983 500 2016 ex
517 1967 753 2016 senatoris
772 1967 1062 2028 calamitate,
1083 1985 1245 2031 neque
1265 1969 1476 2018 senatori
1494 1987 1655 2033 neque
1671 1972 1806 2021 bono

133 2047 363 2112 cuiquam
396 2047 545 2097 nimis
568 2047 838 2098 iucundum
866 2066 970 2098 esse
994 2059 1176 2112 posset,
1205 2050 1533 2100 dubitandum
1557 2051 1648 2100 fuit
1685 2052 1806 2115 quin

132 2128 308 2192 quoin
339 2144 517 2192 genere
548 2128 840 2179 iudiciorum
875 2130 1093 2192 praemia
1124 2140 1227 2180 rata
1251 2141 1426 2192 essent,
1456 2131 1508 2180 in
1533 2134 1712 2182 eodem
1736 2133 1806 2182 iu·

66 2233 108 2264 25
131 2207 261 2258 dicia
293 2207 644 2272 imperatorum
675 2210 932 2258 valerent?
976 2226 1098 2257 num
1130 2211 1310 2259 fundos
1345 2211 1490 2274 igitur
1525 2213 1682 2262 factos
1716 2229 1805 2276 po-

131 2289 275 2352 pulos
299 2289 502 2338 Latinos
526 2289 814 2338 arbitramur
837 2298 921 2339 aut
945 2290 1173 2340 Serviliae
1197 2291 1293 2354 legi
1317 2300 1400 2340 aut
1423 2292 1609 2354 ceteris,
1629 2294 1806 2357 quibus

132 2367 322 2418 Latinis
357 2369 640 2419 hominibus
672 2379 774 2419 erat
810 2370 1118 2433 propositum
1155 2371 1320 2434 aliqua
1352 2388 1413 2421 ex
1449 2389 1500 2422 re
1534 2373 1806 2436 praemium

132 2447 378 2498 civitatis?
445 2449 743 2513 Cognoscite
767 2466 900 2498 nunc
934 2450 1170 2500 iudicium
1206 2461 1417 2512 senatus,
1444 2454 1581 2515 quod
1613 2470 1806 2517 semper
1831 2455 1892 2503 55

131 2529 316 2579 iudicio
362 2538 435 2579 est
478 2530 651 2593 populi
696 2533 1087 2594 comprobatum.
1159 2534 1304 2581 Sacra
1352 2533 1555 2594 Cereris,
1599 2533 1801 2595 iudices,

66 2637 107 2668 30
129 2625 323 2658 summa
345 2608 553 2658 maiores
577 2609 730 2659 nostri
751 2611 984 2674 religione
1010 2612 1187 2660 confici
1222 2611 1618 2676 caerimoniaque
1641 2616 1804 2664 volue-

129 2698 256 2749 runt,
283 2705 410 2752 quae
434 2706 549 2738 cum
573 2699 736 2740 essent
759 2693 1021 2755 adsumpta
1046 2694 1109 2742 de
1145 2693 1352 2742 Graecia
1386 2703 1435 2742 et
1467 2711 1556 2757 per
1590 2697 1802 2745 Graecas

129 2778 297 2818 curata
341 2779 454 2819 sunt
494 2786 687 2834 semper
718 2774 996 2822 sacerdotes
1029 2782 1078 2822 et
1111 2775 1300 2823 Graeca
1336 2775 1503 2823 omnia
1534 2775 1798 2825 nominata.

128 2850 228 2900 Sed
267 2866 382 2900 cum
422 2851 571 2914 illam,
598 2868 724 2915 quae
755 2854 999 2903 Graecum
1035 2853 1156 2904 illud
1193 2871 1384 2904 sacrum
1425 2866 1717 2906 monstraret
1752 2867 1802 2908 et
